3350 5092
396 199 462 262 210
712 215 909 266 conrurnmo
932 218 1165 266 nrrnunarnsur
1188 176 1311 266 nammis

397 339 480 406 illius
504 340 628 406 existat.
653 340 727 406 Nam
753 341 805 406 illa
829 341 930 408 meriti
947 338 1039 425 (181)
1056 342 1115 410 luit
1139 343 1261 422 infiniti,
1287 343 1362 410 haec
1387 362 1463 411 vero
1488 345 1566 411 liniti
1585 365 1615 411 ar

397 446 517 513 limitati
533 448 554 512 ¹.
579 445 668 529 Quod
691 446 774 514 enim
806 447 836 514 in
868 465 962 516 cruce
994 449 1139 516 Christus
1169 465 1237 516 sese
1268 450 1427 518 offerendo
1451 453 1568 519 meruit
1590 453 1615 518 in

395 553 587 638 plenitudine
611 553 745 640 quadam
771 554 930 634 immensa,
955 557 1014 623 hoc
1031 557 1133 642 ipsum
1151 557 1237 628 fruito
1253 577 1289 626 ac
1305 559 1393 644 qrmsi
1412 560 1616 644 particulatim

395 660 571 745 applicatur
596 661 627 726 in
653 661 764 728 missae
788 661 949 728 sacrificio.
974 663 1060 731 Sicut
1083 664 1166 731 enim
1193 665 1294 732 virtus
1316 665 1489 733 dominicae
1506 668 1617 752 passio

396 767 444 832 nis
468 767 499 832 in
524 767 620 834 veteri
647 775 831 835 testamento
863 769 958 836 variis
982 770 1160 837 huiusmodi
1186 772 1346 838 sacrificiis
1369 772 1557 857 applicatur,
1581 775 1618 840 ita

396 891 480 940 nunc
504 873 597 940 unico
621 873 732 940 missae
756 874 909 942 sacrificio
934 894 991 960 pro
1015 876 1075 944 illis
1098 878 1246 946 omnihus
1269 878 1435 946 sufficienti
1454 880 1545 947 nohis
1567 899 1617 965 ap-

395 980 530 1065 plicatur
554 980 630 1047 illud
655 980 904 1049 efficacissimum
928 984 1033 1050 crucis
1065 984 1253 1051 sacrificium
1285 1004 1344 1070 pro
1374 987 1459 1052 omni
1494 987 1561 1072 lege
1583 987 1617 1052 ad

396 1086 501 1152 omnia
525 1103 581 1170 per
604 1103 637 1152 se
668 1087 794 1171 quidem
829 1088 1141 1157 sufficientissimum.
1173 1091 1259 1158 Unde
1288 1101 1513 1178 argumentum
1539 1093 1617 1160 istud

394 1193 433 1260 de
457 1193 645 1260 sufficientia
665 1201 697 1260 et
720 1195 909 1280 perfectione
932 1196 1151 1263 satisfactionis
1173 1198 1288 1265 Christi
1313 1217 1369 1284 per
1392 1199 1498 1266 crucis
1526 1201 1617 1266 sucri-

396 1299 500 1366 licium
525 1318 585 1366 non
610 1301 708 1386 magis
730 1311 891 1386 oppugnat
923 1303 1034 1370 missae
1063 1305 1263 1384 sacrificium,
1295 1324 1389 1392 quam
1416 1315 1618 1384 sacramenta,

395 1407 529 1474 virtutes
551 1416 581 1473 el
603 1425 699 1492 opera
723 1408 812 1475 hona.
836 1409 911 1476 Nam
936 1417 972 1476 ut
995 1409 1116 1477 infinita
1132 1412 1185 1478 vis·
1205 1410 1347 1480 sacrificii
1371 1413 1477 1480 crocis
1503 1431 1559 1498 per
1575 1433 1618 1479 sa-

395 1522 564 1592 cramenta,
589 1515 722 1581 virtutes
744 1522 776 1580 et
799 1533 894 1600 opera
918 1517 1008 1596 hona,
1027 1517 1070 1584 sic
1086 1536 1214 1604 quoque
1232 1537 1287 1604 per
1303 1519 1413 1586 missas
1428 1521 1517 1587 finite
1534 1521 1619 1587 nohis

395 1619 483 1704 quasi
510 1638 565 1704 per
590 1630 694 1705 parles
717 1621 904 1706 applicatur,
939 1623 1192 1710 quandoquidem
1223 1625 1379 1704 Christus,
1402 1627 1460 1693 etsi
1492 1627 1616 1712 qrridem

395 1743 454 1810 pro
477 1727 624 1794 omnihus
654 1735 702 1794 est
732 1737 878 1796 mortuos
909 1721 1107 1810 sufficienler,
1138 1730 1401 1816 quemadmodum
1434 1733 1530 1820 vulgo
1561 1734 1618 1800 dici

396 1833 483 1910 solet,
516 1834 598 1900 haud
632 1842 734 1902 tamen
768 1828 947 1922 efficienter,
972 1837 1029 1902 nisi
1065 1855 1121 1922 pro
1146 1837 1193 1916 iis,
1218 1839 1271 1924 qui
1297 1857 1353 1924 per
1378 1839 1480 1906 media
1504 1842 1536 1906 in
1562 1841 1617 1907 hoc

394 1937 544 2007 divinitus
568 1941 710 2007 instituta
735 1942 845 2009 mortis
869 1943 967 2028 ipsius
998 1943 1166 2030 participes
1197 1945 1264 2012 fieri
1297 1945 1433 2012 student.
1466 1946 1619 2030 Quocirca

395 2045 476 2111 sicut
499 2047 537 2112 ad
562 2048 731 2114 humanam
754 2048 886 2116 salutem
911 2059 985 2116 sunt
1009 2051 1183 2118 neccssaria
1206 2052 1285 2118 citra
1309 2052 1456 2119 iniuriam
1488 2053 1619 2119 domini-

395 2169 449 2219 cae
473 2153 624 2238 passionis
647 2155 678 2220 in
703 2174 735 2222 se
759 2156 885 2241 quidem
910 2157 1202 2236 sufficientissimae,
1218 2166 1423 2237 sacramenta,
1440 2163 1577 2228 uirtutes
1591 2169 1620 2227 et

395 2277 490 2345 opera
515 2261 612 2340 hona;
637 2263 681 2328 sic
704 2262 824 2348 ahsque
848 2263 963 2329 iniuria
986 2261 1201 2348 perfectissimi
1226 2265 1331 2332 crocis
1354 2266 1498 2333 sacrificii
1531 2267 1619 2334 Chn'-

395 2375 464 2434 stus
488 2367 602 2434 iterum
626 2368 759 2435 offertor
783 2370 813 2435 in
850 2371 943 2436 missa
967 2388 1024 2456 pro
1055 2371 1189 2455 peccatis
1212 2371 1387 2451 hominum,
1411 2373 1562 2439 nimirum
1587 2383 1620 2440 ut

396 2475 480 2541 illins
504 2475 606 2559 pretii,
630 2475 713 2560 qood
739 2475 768 2540 in
793 2494 887 2543 cr‘nce
910 2476 1048 2543 solutum
1072 2484 1129 2555 est,
1154 2477 1321 2562 participes
1343 2478 1529 2546 efficiamur.
1549 2481 1620 2546 l’ro-

396 2583 466 2648 inde
492 2582 595 2667 potius
618 2601 635 2648 e
658 2583 783 2650 diverso
807 2589 856 2664 (ut
878 2583 916 2650 ad
933 2584 1095 2670 sequentia
1111 2584 1381 2668 respondeamus),
1397 2587 1544 2672 quisquis
1560 2606 1618 2653 non

395 2697 442 2756 est
465 2690 592 2755 omnino
616 2689 732 2755 malitia
767 2689 963 2769 obcaecatus,
988 2690 1076 2758 facile
1112 2691 1264 2777 inteiligit,
1288 2690 1367 2759 nihil
1397 2693 1526 2759 omnino
1551 2711 1619 2779 pec-

395 2796 467 2874 cati,
491 2795 618 2862 ultionis
640 2795 764 2862 divinae
779 2814 815 2862 ac
837 2797 1060 2864 maledictionis
1075 2815 1236 2866 accersere
1252 2797 1322 2876 sihi,
1338 2799 1393 2884 qni
1411 2817 1470 2884 pro
1487 2801 1621 2885 peccatis

395 2903 505 2968 missas
527 2910 634 2987 agunt.
659 2901 800 2969 Contenti
825 2911 899 2970 sunt
922 2904 1003 2970 enim
1028 2903 1142 2970 Christi
1168 2911 1268 2972 morte
1292 2904 1323 2971 in
1338 2923 1371 2972 se
1386 2905 1514 2991 quidem
1533 2907 1619 2974 suffl-

395 3008 593 3088 cientissima,
617 3017 650 3075 at
672 3027 767 3095 quam
792 3010 886 3076 variis
910 3011 1009 3076 modis
1040 3011 1135 3094 (inter
1159 3029 1239 3096 quos
1263 3011 1380 3096 primas
1404 3012 1498 3078 missa
1523 3016 1619 3091 tenet)

395 3115 484 3181 nohis
507 3115 654 3200 applicari
684 3123 835 3200 oporteat.
859 3153 902 3164 ·-
927 3117 1068 3202 Denique
1098 3119 1203 3184 nullae
1237 3127 1310 3184 sunl
1342 3118 1470 3185 omnino
1507 3120 1620 3186 missae

395 3228 520 3288 nostrae
544 3225 651 3307 (quam
676 3223 825 3289 invidiose
853 3223 955 3290 dicitis
989 3225 1186 3309 papisticam)
1216 3224 1474 3302 abominationes,
1507 3226 1618 3312 utique

394 3347 455 3394 non
480 3331 694 3413 supersessuri
720 3329 765 3396 eis
788 3330 818 3396 in
843 3330 1103 3414 praesentiarum,
1128 3331 1152 3397 si
1177 3349 1230 3398 eas
1245 3331 1410 3398 ostendere
1428 3333 1617 3416 potuissetis.

397 3435 511 3502 Verum
537 3453 623 3501 more
644 3432 735 3518 (182)
759 3444 864 3503 vestro
888 3437 1060 3504 istiusmodi
1087 3437 1266 3522 hyperbolis
1288 3437 1491 3505 mendacibus
1508 3439 1619 3506 rudem

394 3542 507 3607 Christi
534 3542 690 3627 popellum
715 3543 792 3609 adeo
816 3543 930 3610 misere
953 3544 1110 3610 seducitis.
1135 3544 1216 3628 Quin
1240 3545 1345 3629 polius
1368 3544 1512 3611 sacrificii
1546 3545 1620 3612 mis·

395 3667 446 3715 sae
470 3657 537 3714 tom
562 3649 688 3733 plurimi
715 3656 781 3714 tum
799 3649 929 3715 maximi
952 3649 1076 3716 fructus
1099 3669 1117 3716 a
1140 3651 1238 3716 sacris
1261 3649 1443 3718 doctoribus
1465 3651 1618 3736 assignari

394 3755 504 3833 solent,
529 3755 645 3841 quihus
668 3756 819 3841 antiquos
844 3757 998 3822 hnmanae
1021 3756 1132 3823 salutis
1154 3758 1298 3824 aemulus
1313 3775 1349 3824 ac
1366 3757 1466 3823 hostis
1489 3776 1546 3842 per
1564 3776 1618 3822 ros

396 3869 543 3947 tanquam
568 3881 684 3946 organa
708 3881 765 3928 sua
789 3863 935 3929 mortales
959 3863 1092 3948 spoliare
1116 3871 1257 3930 conatur.
1283 3864 1344 3930 lloc
1367 3863 1450 3930 enim
1468 3864 1618 3930 satisfaci-

396 3987 466 4034 mus
491 3988 547 4052 pro
571 3969 703 4054 pecccatis
727 3969 913 4053 praeteritis,
939 3970 997 4035 hoc
1021 3987 1039 4035 a
1062 3969 1179 4035 futuris
1201 3987 1454 4054 praeserramur,
1480 3971 1539 4038 hoc
1556 3971 1618 4036 fleo

395 4076 510 4160 gratias
533 4077 655 4160 agimus
679 4095 736 4161 pro
759 4077 895 4160 acceptis
912 4076 1079 4154 beneficiis
1097 4077 1189 4142 hoca
1214 4077 1277 4143 fleo
1294 4095 1375 4143 nova
1391 4078 1617 4163 consequimur

467 4325 475 4355 ¹
498 4329 550 4381 Per·
568 4341 596 4381 se
615 4327 709 4380 missae
729 4327 884 4379 sacrificium
905 4327 983 4378 oliam
1002 4333 1040 4379 est
1060 4327 1144 4379 moriri
1164 4326 1263 4397 infiniti
1281 4334 1387 4392 propter
1405 4325 1548 4392 Christum,
1572 4326 1615 4393 qoi

395 4417 515 4482 offortor;
535 4417 635 4469 linitum
656 4431 707 4468 non
726 4424 764 4468 est
783 4417 832 4468 nisi
853 4416 877 4467 in
897 4417 1078 4481 applicatione,
1098 4417 1165 4469 sicot
1182 4423 1273 4470 auctor
1292 4417 1348 4482 ipse
1368 4431 1430 4470 mox
1449 4417 1567 4484 explicat.
