3384 5082
337 206 402 272 268
728 223 976 272 ADDITAHENTUM
1000 223 1178 271 SECUNDUM.

338 364 408 414 rum
443 346 533 426 dolis,
569 345 617 414 vel
653 342 859 431 tyrannorum
884 347 1036 414 machinis
1060 385 1113 426 —‚
1138 347 1237 413 literis
1267 355 1341 414 sunl
1375 345 1568 412 concredita.
1664 377 1665 426 g

337 453 436 522 Cessit
459 453 488 520 id
512 453 551 520 ad
575 453 646 520 fidei
671 461 796 520 nostrae
821 454 937 532 rahnr;
961 471 1143 539 quanquam
1167 454 1250 520 enim
1277 453 1425 520 mortales
1454 470 1567 519 omnes
1664 459 1665 478 ¹

337 578 396 626 sno
418 560 551 628 creatori
577 559 647 628 hdei
670 560 857 644 obsequium
873 560 1017 639 debeant,
1042 579 1103 626 non
1127 560 1202 646 qnia
1226 561 1302 628 haec
1317 569 1373 626 aul
1397 561 1450 626 illa
1470 559 1568 626 scribi
1664 543 1665 564 ¹

340 665 483 750 permisit
505 669 675 751 (nusquam
699 665 782 730 enim
814 666 998 750 comperies,
1021 665 1105 751 pund
1142 665 1268 732 iusserit
1291 665 1497 750 Evangelislas
1528 681 1570 730 ea
1664 691 1665 704 ¹

338 789 421 857 quae
442 771 549 838 docuit
572 771 675 856 excipi
701 771 882 857 papyraceis
906 771 1048 852 chartis),
1072 789 1132 838 non
1157 771 1233 857 quia
1257 771 1337 837 mira
1359 771 1508 856 qliaedam
1534 777 1571 836 et
1664 759 1665 772 ’

338 895 436 963 supra
460 878 633 943 humanum
666 884 791 962 captum
815 887 975 962 operatus,
1006 877 1060 944 sed
1093 878 1168 962 quia
1192 877 1257 962 ipse
1284 877 1376 956 dixit,
1408 876 1460 944 sed
1490 877 1571 962 qiua

340 983 455 1050 veritas
479 989 528 1066 tul
553 984 594 1049 ita
617 983 734 1065 dicam)
759 984 925 1069 ipsissima,
949 983 999 1050 cui
1024 985 1072 1050 sui
1106 983 1204 1069 ipsius
1234 984 1334 1069 gralia
1357 983 1568 1050 credendum:

338 1089 495 1176 instigavit
520 1099 622 1156 tamen
654 1089 805 1175 quosdam
839 1091 922 1155 viros
953 1109 1025 1156 cuni
1049 1089 1236 1169 eruditione,
1267 1098 1334 1156 tum
1365 1089 1569 1156 sanctimonia

339 1195 487 1274 illustres,
518 1196 573 1281 qui
598 1196 654 1263 elsi
680 1214 740 1261 non
767 1195 924 1276 universa,
953 1196 983 1262 id
1006 1197 1089 1266 enim
1113 1214 1153 1262 ne
1186 1195 1323 1262 ruundus
1345 1195 1471 1280 quidem
1496 1213 1568 1279 pos-

338 1303 378 1367 sit
401 1309 486 1368 totus
509 1295 634 1382 lloaune
659 1303 759 1387 teste),
781 1301 820 1368 ad
844 1301 1082 1387 scriptitandum
1099 1303 1253 1368 calamum
1278 1302 1480 1378 instruerent,
1501 1319 1569 1385 quo
1664 1379 1665 1388 ἵ

339 1407 481 1474 uidelicet
504 1416 535 1474 el
565 1407 695 1474 studiosi
721 1408 882 1486 haherent,
913 1409 1031 1493 qrrihus
1062 1426 1119 1493 pro
1150 1408 1259 1474 solatio
1293 1408 1408 1474 sanctis
1441 1417 1568 1474 uteren-
1664 1405 1665 1456 ῑ

339 1523 392 1581 tur
424 1515 601 1600 scripturis
632 1523 663 1580 et
700 1515 836 1580 uniuersi
880 1515 921 1580 ah
954 1516 1062 1580 oculos
1103 1523 1226 1581 eertum
1271 1513 1401 1580 ainaldi
1434 1525 1462 1580 et
1495 1532 1567 1578 cre-

338 1620 439 1687 dendi
463 1639 617 1686 ocimum
641 1617 987 1708 graphicedcpictam.
1011 1621 1135 1687 interim
1162 1629 1264 1687 161666
1290 1638 1351 1686 666
1376 1619 1569 1704 repudianda
1664 1629 1665 1632 ’

338 1745 385 1806 ea,
409 1744 492 1813 qliae
516 1727 546 1792 iu
570 1745 679 1792 aurem
704 1735 794 1792 erant
818 1727 976 1792 transfusa
1006 1727 1211 1803 sanctissime,
1235 1744 1271 1792 ac
1302 1726 1398 1792 veluti
1431 1743 1472 1791 ex
1504 1735 1568 1792 tra·
1664 1715 1665 1760 3

338 1833 419 1899 (1666
451 1833 480 1898 16
514 1851 570 1898 uos
592 1831 733 1898 derivata
768 1831 838 1898 lidei
872 1849 1060 1918 morumque
1091 1831 1226 1899 decreta.
1260 1833 1291 1898 ln
1324 1833 1382 1898 hac
1414 1832 1568 1899 sententia
1664 1831 1665 1892 l

339 1957 411 2005 crim
437 1939 566 2004 Paulam
591 1938 687 2004 luisse
718 1944 838 2003 constat
861 1937 899 2020 (ll
923 1939 965 2023 til,
993 1937 1119 2022 arraudo
1149 1937 1326 2004 Corinthios
1357 1938 1398 2004 oh
1427 1946 1570 2023 receptas

339 2045 556 2130 hactenusque
585 2045 768 2112 observatas
800 2044 982 2111 traditiones
1015 2045 1130 2124 laudat,
1154 2045 1279 2131 qnando
1309 2051 1341 2112 et
1371 2044 1569 2112 Thessaloni-

339 2169 457 2230 censes,
482 2160 517 2218 ol
549 2159 673 2218 teneant
703 2169 750 2230 ea,
774 2169 855 2235 qliae
887 2169 942 2217 seu
977 2169 1033 2237 per
1066 2152 1238 2236 epistolam,
1272 2169 1328 2218 seu
1365 2169 1421 2236 per
1449 2169 1569 2218 sermo-

341 2276 410 2324 uem
446 2257 621 2336 didicerint,
656 2257 912 2335 cornumuelacil;
946 2266 1011 2324 tum
1050 2259 1221 2338 lreuaenm,
1257 2257 1352 2343 atque
1387 2259 1444 2324 hos
1479 2275 1570 2324 scca

340 2374 407 2430 lum
431 2365 650 2448 augustinum.
677 2365 791 2452 lloqrre
812 2364 883 2430 siae
906 2364 1009 2430 attollo
1041 2365 1205 2450 imperalia
1236 2374 1370 2430 nostrae
1395 2363 1569 2443 Ecclesiae,
1664 2367 1665 2416 l

340 2467 399 2536 loe
421 2483 468 2536 est
491 2469 697 2554 spostolicae
728 2470 888 2556 neminem
921 2467 1071 2536 colludere
1101 2487 1280 2555 possumus
1314 2470 1408 2536 cdere
1440 2467 1569 2556 [uuila-
1664 2477 1665 2482 ’

339 2586 462 2652 emerito,
497 2587 673 2642 monstrare
708 2577 801 2642 etiam
835 2577 932 2661 digito
967 2577 1154 2661 Episcopus,
1185 2576 1339 2654 doctores,
1371 2576 1569 2643 sacerdotes:
1664 2623 1665 2628 ,

341 2701 435 2767 porro
460 2683 619 2748 ministros
641 2701 760 2759 urriues,
785 2700 880 2766 porro
902 2683 1043 2748 omnium
1068 2682 1180 2760 officia,
1204 2683 1356 2748 ordinem.

431 2788 555 2854 (16666
571 2785 672 2854 orella
688 2788 834 2866 ecelesia,
852 2789 954 2856 nullos
972 2789 1065 2855 hahet
1080 2805 1211 2855 suorum
1229 2789 1520 2856 conventiculorum
1533 2807 1572 2854 ac

339 2895 519 2981 dogmatum
544 2897 687 2973 asseclas,
711 2905 864 2961 oructares
894 2895 1013 2973 asellos,
1045 2896 1100 2962 uisi
1133 2896 1205 2962 olim
1232 2897 1315 2962 ultra
1344 2896 1572 2963 Sauromathos

342 3004 550 3088 praescriptos
572 3002 692 3087 aliquot
713 3020 879 3087 ganeones
902 3021 938 3068 ac
964 3003 993 3069 ln
1018 3003 1140 3070 cineres
1157 3002 1321 3081 resolutos,
1337 3002 1455 3088 quihus
1478 3021 1572 3069 nenio

342 3108 434 3175 nisia
457 3109 581 3175 Cluisto
604 3110 725 3175 alicnus
751 3127 862 3175 uranus
884 3108 977 3174 dedit.
1002 3110 1082 3194 Quin
1107 3109 1132 3176 si
1156 3127 1237 3194 puris
1262 3109 1366 3187 hahet,
1389 3109 1428 3176 de
1452 3109 1572 3195 quihus

343 3217 423 3282 iuste
447 3215 573 3302 gloriari
598 3226 703 3301 queat,
720 3216 859 3300 prolerat
883 3217 912 3281 in
933 3215 1042 3282 lucem.
1062 3217 1177 3282 Extant
1199 3215 1282 3282 euim
1299 3215 1436 3294 annales,
1459 3224 1571 3283 exlanl
1664 3301 1665 3314 ἵ

343 3332 483 3390 veterum
508 3329 604 3408 gesta,
623 3331 763 3408 prostant
780 3324 940 3408 praeclara
957 3329 1169 3400 monumenta,
1195 3330 1299 3388 verset
1319 3331 1469 3402 reverset,
1494 3341 1570 3389 nas·
1664 3321 1665 3324 ’

341 3449 436 3516 qrram
462 3438 564 3496 tanuen
589 3428 770 3514 corriperiel,
794 3429 913 3514 quihus
943 3438 1048 3496 sancte
1079 3449 1115 3496 ac
1150 3431 1216 3497 siue
1249 3430 1369 3516 pudore
1395 3429 1470 3497 viris
1493 3449 1570 3496 suae

342 3535 412 3602 lidei
437 3537 600 3621 originem,
625 3536 648 3602 si
674 3536 766 3602 ruodo
792 3537 849 3602 hoc
873 3537 998 3602 nornine
1021 3537 1132 3622 dignae
1161 3544 1236 3604 sunt
1260 3539 1373 3604 horum
1396 3537 1569 3622 opiniones,

343 3644 421 3710 leret
444 3651 613 3728 acceptam.
638 3641 726 3727 Quod
751 3643 775 3710 si
801 3643 938 3709 maxime
961 3643 1044 3729 apud
1069 3661 1102 3710 se
1126 3645 1223 3729 fingat
1245 3643 1450 3729 hposlolicam
1474 3644 1570 3710 eccle

342 3750 432 3830 siam,
455 3750 507 3816 det
532 3750 620 3816 nohis
643 3750 824 3834 dogmatum
860 3767 991 3816 suorum
1029 3751 1216 3830 testimonia,
1252 3751 1363 3836 prohat
1397 3769 1430 3816 se
1452 3750 1567 3817 Christi

343 3857 456 3941 spiritu
474 3857 635 3933 imbutam,
652 3865 683 3922 et
700 3862 735 3922 ut
750 3857 933 3922 Tertulliani
952 3865 1023 3922 alar
1048 3856 1152 3924 uerbis
1170 3859 1199 3923 in
1230 3857 1300 3924 «de
1325 3856 1568 3942 praescriptione

345 3963 575 4029 haereticorum
590 3986 627 4028 »ε
653 3962 728 4028 Edat
744 3980 875 4028 suarum
892 3963 1100 4030 Ecclesiarum
1125 3964 1271 4049 origines,
1294 3963 1370 4030 edat
1392 3962 1568 4050 episcopos,

342 4070 417 4136 erlot
438 4070 612 4154 prioritates,
636 4089 677 4136 ac
693 4070 850 4147 maiores,
872 4070 1008 4156 denique
1024 4079 1055 4136 et
1079 4087 1277 4136 successores
1301 4078 1479 4155 perpetuos.
1496 4069 1567 4136 Cer-

345 4185 410 4243 lum
435 4177 536 4242 euim:
561 4184 597 4242 ut
620 4177 752 4244 verbum
769 4177 885 4242 domini
902 4186 1066 4243 aeternum
1083 4184 1140 4256 est,
1158 4178 1206 4243 ilo
1222 4188 1250 4242 el
1274 4178 1446 4242 ministros
1462 4174 1566 4255 laudet,

341 4293 502 4370 perpetuo
526 4284 730 4350 clausentiam
756 4281 821 4349 sihi
844 4283 982 4352 inuicem
1005 4285 1220 4350 succedentes.
1247 4283 1348 4362 Vides
1373 4285 1481 4363 lector,
1507 4303 1567 4370 qna

342 4410 419 4458 ansa
436 4399 611 4470 teneantur,
628 4392 688 4479 poi
702 4390 875 4457 adulterae
893 4389 1055 4457 Ecclesiae
1070 4409 1165 4458 suum
1182 4391 1338 4459 calculum
1355 4389 1566 4460 subiecerunt.
