3390 5096
382 295 446 362 186
693 312 889 364 consorano
911 315 1143 364 ccmnnuutsur
1166 316 1283 364 nasici.

378 437 509 523 spiritus
530 445 658 508 sanctus
680 437 818 506 nondum
842 439 874 507 in
898 439 1058 525 Apostolos
1081 440 1196 508 missus
1218 440 1331 520 luerat,
1347 441 1402 526 qni
1419 459 1474 508 eos
1497 447 1613 526 postea
1686 457 1689 542 p

377 543 494 623 docuit,
517 552 554 612 ut
576 544 708 613 allorum
733 553 1011 626 sacramentorum,
1032 546 1075 612 ita
1097 545 1216 640 ordinis
1238 563 1366 632 quoque
1388 547 1611 624 ceremonias;
1688 565 1689 592 t

377 650 523 718 Christus
544 651 626 720 enim
653 652 714 736 (uti
744 651 885 720 diximus
901 655 931 736 ¹)
962 660 1156 720 sacramenta
1187 652 1332 732 institnit,
1362 653 1614 721 sacramentalia

377 775 453 825 vero
476 757 607 844 spiritns
627 759 726 827 sancti
749 759 923 827 ministerio
946 759 1083 845 reliquit.

696 969 901 1038 lutterhus
922 970 1084 1038 DECIMUS
1106 971 1277 1055 QUlNTUS.

465 1183 582 1252 Omnes
605 1185 758 1252 Romanos
781 1184 947 1270 Episcopus
970 1187 1064 1272 (quos
1087 1185 1183 1270 Papas
1205 1185 1414 1271 appellamus)
1437 1204 1457 1252 a
1480 1195 1609 1270 tempo

376 1291 466 1358 ribus
488 1291 705 1375 Apostolorum
729 1290 825 1358 luisse
847 1291 1058 1370 antichristos
1083 1291 1144 1358 hoo
1178 1299 1236 1372 est,
1259 1291 1374 1358 Christi
1402 1291 1610 1359 adversarios
1688 1351 1689 1396 3

377 1397 407 1464 in
430 1397 574 1464 doctrina
595 1403 628 1464 et
651 1397 819 1483 hypocrisi.
1688 1415 1689 1428 ¹

900 1607 1074 1699 Responsio.

463 1825 541 1892 Fieri
567 1831 678 1911 potest,
701 1831 737 1892 nt
760 1826 786 1892 is
808 1823 963 1892 articulus
986 1843 1044 1892 suo
1067 1842 1193 1893 recessu
1217 1827 1289 1912 plus
1306 1826 1446 1894 veritatis
1461 1825 1602 1902 claudat,
1688 1821 1689 1904 l

375 1950 470 2020 quam
494 1932 552 2020 ipsi
575 1931 711 2010 creditis,
735 1932 792 1998 etsi
816 1950 979 2018 nunquam
1004 1931 1178 2013 docuimus,
1195 1951 1303 2001 omnes
1319 1933 1473 2000 Romanae
1495 1933 1604 2000 Eccle-

375 2041 438 2108 siae
461 2039 620 2126 praesides
641 2039 841 2106 antichristos
864 2039 971 2119 luisse,
995 2038 1047 2106 sed
1072 2039 1141 2106 illos
1164 2040 1275 2122 solum,
1300 2056 1380 2126 quos
1402 2039 1483 2106 lacili
1501 2056 1603 2125 opera

375 2145 546 2233 prohemus
568 2163 609 2213 ex
635 2145 775 2232 ipsorum
799 2145 944 2224 decretis,
970 2145 1101 2213 vetustis
1122 2147 1280 2214 chronicis
1302 2153 1334 2214 et
1356 2147 1425 2213 aliis
1449 2146 1479 2213 id
1495 2161 1601 2232 genus
1688 2149 1689 2174 ¹

375 2252 509 2338 scriptis,
532 2251 617 2318 aliud
640 2252 783 2319 docuisse
816 2258 873 2318 aot
907 2269 990 2320 nunc
1025 2251 1148 2330 dooere,
1172 2271 1266 2337 quam
1295 2252 1377 2338 quod
1402 2251 1516 2320 Christi
1540 2251 1600 2318 do

374 2359 494 2426 ctrinae
517 2359 557 2426 sit
579 2365 834 2438 consentaneum,
857 2375 994 2444 quorum
1020 2359 1158 2445 vestigiis
1190 2377 1244 2426 ros
1275 2365 1404 2427 strenue
1427 2355 1596 2425 innitimini
1688 2435 1689 2446 χ

374 2474 405 2532 et
428 2465 543 2532 Christi
569 2465 743 2551 Evangelio,
767 2465 926 2532 doctrinae
950 2471 981 2532 et
1003 2466 1151 2552 exemplo
1173 2465 1390 2534 adversamini.

890 2623 1077 2696 mosontio.

463 2791 499 2855 ht
522 2795 631 2856 contra
655 2787 759 2873 potins
781 2787 849 2855 lieri
875 2793 986 2874 potest,
1011 2793 1047 2854 ut
1071 2789 1097 2854 is
1119 2788 1273 2855 articulus
1288 2787 1360 2874 plus
1375 2787 1495 2855 erroris
1510 2786 1598 2854 clau·

374 2895 436 2975 dat,
460 2913 556 2981 quam
581 2893 715 2978 vosipsi
740 2893 876 2960 creditis.
901 2895 988 2973 Nam,
1013 2894 1058 2960 uti
1082 2893 1175 2962 diuus
1204 2893 1379 2979 Cyprianus
1407 2893 1497 2960 heato
1520 2893 1597 2960 Cor·

374 3001 466 3080 nelio,
483 3009 550 3068 tum
572 3018 697 3068 summo
721 2999 858 3067 Pontilici
880 3001 1027 3080 Romano,
1044 3001 1184 3068 scribens
1206 3001 1267 3067 ait:
1292 3001 1355 3067 Nou
1380 2999 1506 3066 aliunde
1521 3000 1596 3067 hae
1688 3015 1689 3042 ³

374 3126 425 3177 res
447 3107 577 3175 obortae
600 3114 675 3173 sunt
697 3114 752 3173 ant
783 3115 855 3174 nata
885 3117 960 3174 sunt
990 3107 1167 3186 schismata,
1192 3125 1287 3194 quam
1323 3105 1404 3185 inde,
1427 3105 1511 3192 quod
1546 3125 1596 3174 sa-

373 3215 489 3282 cerdoti
522 3213 576 3280 llei
608 3232 669 3280 non
701 3213 948 3300 obtemperatur,
981 3231 1037 3280 nec
1068 3230 1151 3279 ithus
1183 3214 1212 3279 in
1239 3212 1372 3280 Ecclesia
1407 3211 1444 3278 ad
1470 3219 1596 3298 tempus
1688 3199 1689 3284 l

348 3321 517 3389 ·sacerdos
540 3319 631 3387 etad
657 3326 782 3406 tempus
804 3320 901 3388 iudex
927 3321 993 3388 vice
1016 3319 1130 3386 Christi
1163 3319 1337 3405 cogitatum
1362 3335 1434 3385 nam
1457 3320 1511 3404 qui
1538 3319 1596 3386 llo

373 3444 499 3493 manum
526 3427 701 3494 Pontificem
726 3427 907 3504 contemnit,
923 3433 1032 3512 utpote
1056 3427 1136 3492 Petri
1161 3443 1386 3504 successorem,
1410 3423 1525 3492 Christi
1549 3425 1596 3492 ri·
1688 3457 1689 3496 l

373 3533 493 3600 carium
517 3538 549 3599 et
570 3531 758 3600 universalis
782 3531 934 3599 Ecclesiae
970 3532 1153 3617 praesidem,
1179 3549 1274 3616 penes
1304 3549 1398 3618 quem
1431 3531 1471 3597 sit
1498 3531 1596 3599 totius
1688 3551 1689 3602 l

373 3637 602 3706 Ecclesiasticae
638 3638 798 3723 potestatis
829 3637 1000 3723 plenitudo,
1036 3637 1299 3722 quemadmodum
1331 3637 1477 3705 Christus
1510 3637 1594 3724 apud
1688 3631 1689 3636 ’

226 3743 350 3844 lpgflffll·
374 3744 562 3812 Matthaenm
588 3744 678 3810 Petro
700 3743 853 3828 promisit,
877 3743 961 3829 apud
986 3745 1127 3812 loannem
1153 3763 1227 3811 uero
1244 3752 1313 3830 post
1329 3743 1593 3812 resurrectionem
1688 3755 1689 3824 j

221 3850 311 3948 hilp·
325 3853 346 3906 ³·
372 3851 537 3936 praestitit,
563 3849 727 3917 Ecclesiam
752 3849 862 3934 ipsam,
898 3869 978 3936 quiae
1013 3851 1169 3918 columna
1203 3859 1232 3917 et
1261 3849 1511 3936 firmamentum
1547 3860 1594 3919 est
1688 3870 1689 3904 t

372 3956 522 4022 veritatis
545 3956 685 4042 adeoque
708 3955 791 4022 hosis
813 3973 849 4022 ac
873 3955 1110 4024 fundamentum
1135 3957 1231 4025 totius
1254 3964 1379 4026 nostrae
1402 3956 1472 4025 fidei
1489 3966 1522 4024 et
1545 3975 1594 4024 re·
1688 4003 1689 4008 ,

372 4061 494 4147 ligionis
516 4061 623 4129 eadem
647 4079 741 4147 opera
765 4069 966 4130 contemnens
979 4061 1004 4142 *,
1026 4083 1086 4130 non
1111 4071 1213 4148 potest
1236 4083 1296 4132 non
1320 4064 1440 4150 prolabi
1464 4064 1594 4132 breuius

371 4175 427 4234 aut
449 4169 573 4254 lougius
595 4168 626 4234 in
650 4168 766 4235 multos
789 4187 925 4248 errores,
949 4169 1119 4237 schismata
1153 4178 1184 4238 et
1212 4172 1368 4250 haereses,
1392 4170 1593 4257 quemadmo

433 4299 444 4321 ⁰
461 4299 593 4347 continens.

440 4505 449 4537 ¹
469 4509 555 4572 Supra
575 4505 634 4559 ldl.
