3390 5096
516 329 646 376 neurius
670 327 877 376 cononessus.
1254 311 1309 376 tot

65 461 183 536 caput
213 452 375 532 mulieris,
398 453 485 519 sicul
510 449 664 519 atratus
687 463 733 520 cst
749 461 851 538 capnt
877 451 1049 530 Ecclesiae,
1073 452 1143 537 ipse
1165 452 1315 544 saluatur

64 558 237 643 corporis
258 559 324 626 sai.
350 559 466 626 Deinde
490 558 713 644 complusculis
738 560 842 626 vernis
866 560 929 627 huuc
966 558 1195 644 pertinentibus
1218 558 1315 625 inter-

67 665 167 731 iectis
208 665 331 732 andem
364 664 538 732 subnectit:
566 666 706 752 Propter
730 663 789 731 boc
813 665 972 753 relinquet
1004 661 1099 730 domo
1132 673 1263 749 patrem
1286 670 1315 729 et

67 780 225 838 matrem
248 791 349 838 suam
372 780 401 837 et
424 769 617 839 adhaerebit
641 772 744 838 asari
765 791 859 850 saue,
883 779 913 838 cl
943 779 1040 838 erant
1063 771 1130 836 elau
1154 771 1190 836 in
1213 789 1315 836 carae

71 897 161 942 aaa.
191 877 451 944 Sacramentum
482 875 542 944 boc
571 895 755 964 magnam,-
778 897 836 962 epo
870 885 980 944 aretem
1005 879 1098 943 dico:
1122 877 1158 942 m
1184 874 1315 943 Cbrislo

68 993 99 1048 et
128 983 293 1050 Ecclesia.
318 985 398 1051 Num
423 984 474 1052 hic
497 984 590 1052 etiarn
615 985 698 1050 aliud
724 984 845 1052 visibile
880 984 1004 1068 signum
1037 1002 1135 1050 novae
1160 982 1235 1068 legis
1258 1000 1316 1049 au·

70 1090 164 1168 ditis,
191 1108 305 1175 nempe
329 1091 359 1156 in
385 1091 509 1158 nomine
533 1091 742 1158 sacramenti?
766 1087 858 1172 (127)
882 1098 913 1157 et
945 1108 1060 1158 rursus
1091 1108 1157 1156 rem
1182 1107 1314 1167 sacram,

70 1196 174 1264 cuius
197 1197 238 1264 sit
263 1198 323 1263 hac
347 1197 483 1282 signum,
506 1215 619 1283 nempe
642 1198 673 1264 in
698 1198 916 1265 conitrnotiane
932 1197 1047 1263 Christi
1069 1205 1101 1264 et
1126 1196 1278 1262 Ecclesiae
1292 1198 1314 1273 ¹,

71 1304 175 1370 cuius
199 1321 261 1370 non
285 1303 344 1371 nisi
371 1321 426 1389 per
450 1304 582 1390 gratiam
607 1305 775 1390 participes
797 1322 866 1372 esse
890 1321 1068 1389 passumus.
1094 1302 1173 1388 Quid
1201 1303 1258 1368 nac
1282 1302 1313 1368 in

72 1427 121 1488 re,
147 1428 281 1495 quaeso,
305 1429 323 1476 a
347 1428 508 1496 quoquam
532 1409 591 1477 dici
618 1412 719 1496 potuit
741 1411 905 1496 apertius?
921 1410 1067 1479 Ceterum
1093 1428 1131 1476 ne
1146 1409 1219 1494 atris
1234 1409 1315 1475 torte

73 1515 255 1602 obstrepat,
280 1517 516 1584 matrimonium
542 1517 634 1584 modo
657 1517 834 1603 significare
865 1535 931 1584 rem
968 1535 1088 1584 sacram
1115 1516 1206 1582 iuxta
1229 1515 1315 1582 bunc

75 1623 218 1708 Apostoli
244 1623 359 1702 luorum,
383 1631 498 1690 alnon
524 1631 685 1709 praestare
716 1625 781 1691 sive
813 1625 957 1691 conterre
988 1625 1120 1709 gratiam
1146 1661 1184 1671 —
1212 1638 1315 1688 nonne

72 1729 130 1796 bio
156 1729 325 1816 Apostolus
350 1729 451 1816 palam
476 1730 551 1798 illud
574 1731 737 1798 conlutatt
754 1731 829 1797 Nam
853 1730 1011 1816 quomoda
1032 1728 1223 1797 honorabile
1238 1747 1314 1794 coa·
1333 1741 1398 1785 flam·
1414 1740 1446 1792 ¹³.
1462 1739 1483 1785 t·

78 1835 217 1922 inpium
240 1836 278 1902 in
300 1835 455 1902 omnibus
477 1843 506 1902 et
530 1834 646 1903 tdorrrs
662 1835 903 1904 immaculatas
918 1836 1001 1903 erit?
1017 1835 1179 1921 Quomodo
1200 1833 1315 1901 mulier

77 1941 274 2008 salvabitur
294 1961 357 2027 per
379 1940 527 2025 filioram
549 1943 806 2028 permotionem,
827 1943 859 2008 si
881 1943 1045 2009 manserit
1068 1943 1103 2009 ia
1125 1941 1189 2026 fide
1211 1949 1240 2008 el
1263 1941 1314 2008 di·
1338 1955 1369 2010 p.
1384 1953 1439 2064 Επεὶ
1453 1954 1474 2008 ¹,

80 2047 229 2127 lectiam,
253 2049 311 2116 nisi
345 2049 579 2116 matrimonium
611 2050 785 2135 coniugatis
819 2049 953 2136 gratiam
985 2049 1150 2116 adferret?
1175 2047 1314 2115 Proiecto
1414 2041 1419 2052 '

81 2156 162 2222 citra
188 2157 241 2222 Dei
266 2156 398 2241 gratiam
423 2173 526 2242 nequo
551 2157 664 2223 thorus
686 2156 806 2224 carebit
829 2156 963 2234 macula,
988 2174 1090 2241 neqtre
1107 2155 1245 2246 filiorum
1261 2173 1314 2239 ge-

82 2261 205 2327 neratio
229 2262 372 2340 salvabit,
396 2279 507 2328 uerum
532 2262 636 2346 potius
658 2261 829 2328 damnabit.
853 2262 934 2328 Nulli
971 2279 1046 2346 ergo
1069 2260 1212 2338 dubium,
1236 2259 1312 2346 quin

82 2375 114 2433 et
137 2367 375 2434 matrimonium
400 2368 440 2434 sit
464 2368 533 2434 novi
571 2367 746 2435 testamenti
782 2375 1025 2434 sacramentum.
1058 2368 1127 2452 Qua
1149 2367 1245 2452 igitur
1269 2373 1314 2433 te·

84 2475 232 2540 maritate
257 2491 322 2551 vos,
347 2472 479 2540 Plautini
504 2481 535 2540 et
558 2473 735 2540 Terentiam
760 2473 919 2558 Theologi,
944 2473 998 2558 qui
1033 2473 1073 2540 ab
1106 2473 1174 2540 heri
1200 2481 1231 2538 et
1254 2491 1314 2538 nu-

83 2579 271 2646 diustertius
294 2579 325 2644 in
349 2595 456 2646 sacras
490 2580 597 2647 literas
631 2579 725 2646 illotis
749 2584 798 2662 (ut
826 2579 928 2658 aiunt)
961 2579 1118 2663 pedibus²
1143 2579 1313 2663 irrupistis,

87 2685 294 2772 pronuntiare
317 2685 440 2753 audetis
473 2695 583 2752 contra
614 2685 842 2771 praeimlicium
873 2685 1059 2752 universalis
1089 2685 1241 2751 Ecclesiae
1269 2693 1315 2750 tot

84 2793 277 2870 seculorum,
302 2799 347 2858 tot
371 2791 572 2877 populorum,
597 2799 642 2858 tot
665 2792 802 2878 denique
825 2792 989 2860 doctorum
1014 2800 1045 2858 ot
1062 2791 1202 2858 unanimi
1219 2809 1314 2858 sensu

85 2907 115 2966 et
140 2916 200 2965 usu
224 2898 370 2965 concordi
395 2897 615 2983 approbatum,
639 2897 703 2964 duro
728 2905 848 2964 autum
873 2915 941 2964 esse
969 2905 1174 2976 sacramenta,
1198 2896 1314 2982 baptis-

86 3021 173 3072 mum
197 3012 229 3070 et
253 3003 492 3085 Eucharistiam,
516 3003 638 3090 reliqua
663 3021 736 3071 vero
761 3021 847 3070 mera
871 3004 1034 3071 hominum
1058 3009 1253 3070 commenta!

175 3110 322 3178 Ceterum
346 3129 386 3179 ne
409 3111 460 3178 nic
484 3111 610 3196 attidem
636 3117 693 3191 est,
716 3130 780 3196 quo
804 3113 834 3178 in
860 3111 976 3178 malitia
999 3117 1104 3178 vestra
1119 3110 1313 3196 gloriemini;
1351 3123 1462 3179 anthr·

1347 3176 1463 3222 neemiae

88 3217 140 3286 sed
165 3217 215 3284 hio
238 3217 402 3296 articulus
426 3217 471 3284 uti
497 3218 612 3286 mullas
636 3218 731 3284 habet
755 3227 869 3303 partes,
895 3219 936 3284 ita
971 3226 1002 3283 et
1033 3235 1051 3283 a
1074 3217 1220 3301 pluribus
1244 3217 1313 3283 hae·
1332 3229 1484 3338 {pm

88 3323 192 3390 reticis
222 3322 384 3390 veteribus
418 3331 466 3391 est
497 3329 691 3410 corrogatas,
725 3325 800 3390 Nam
825 3329 910 3391 totus
944 3341 1023 3408 pene
1047 3323 1148 3409 quemad
1172 3322 1313 3408 quinque
1385 3340 1428 3380 m·

90 3436 281 3498 sacramenta
305 3435 353 3495 cst
387 3429 600 3510 Vallensium,
625 3430 864 3508 Violericorum,
897 3429 1133 3507 llussianorum,
1159 3428 1314 3495 Rutlnena-

90 3555 170 3615 rum,
191 3535 295 3620 quoad
318 3535 425 3621 aliquo
460 3553 535 3604 vero
569 3555 681 3603 corum
717 3537 830 3622 partim
862 3543 909 3603 est
945 3537 1174 3613 ntonunorun,
1198 3534 1312 3619 partim

91 3641 325 3720 lleraolilarum,
350 3642 462 3726 partim
486 3641 623 3728 donique
646 3641 866 3728 Albigensium.
884 3643 990 3708 Nonne
1007 3641 1103 3725 igilur
1121 3641 1169 3706 nic
1186 3658 1313 3726 quiaque

91 3746 249 3826 articulus,
266 3755 328 3814 tam
352 3748 567 3833 multipliciter
590 3765 626 3814 ac
650 3757 828 3833 portentose
853 3748 1040 3826 haereticus,
1057 3747 1140 3812 omni
1167 3746 1235 3811 iure
1260 3764 1313 3810 vo

92 3854 137 3920 bis
158 3853 214 3919 luit
238 3852 401 3920 obiectus?

160 4069 167 4103 ¹
187 4067 270 4122 Elei.
290 4069 307 4120 Ρ
327 4066 377 4121 3b:
398 4065 591 4120 llatrlmontum
611 4067 755 4120 lldellum...
783 4079 841 4120 esse
866 4073 1058 4120 sacramentum
1081 4079 1178 4120 sacrae
1196 4063 1244 4130 rei,
1264 4066 1313 4118 noc

95 4163 137 4220 est,
154 4155 347 4212 malrtncteoms
367 4153 469 4210 (liridi
495 4159 520 4209 el
548 4153 682 4210 Ecclesiae
710 4153 806 4226 effiaue
833 4153 972 4224 signum...
997 4155 1062 4218 Epn.
1082 4156 1107 4221 5,
1127 4157 1169 4206 22.
1189 4154 1230 4204 al.
1253 4154 1313 4206 ³2...

95 4245 166 4300 Ecbr.
187 4245 228 4310 ts,
248 4245 274 4298 l.
292 4273 326 4283 -
345 4243 477 4310 Ceterum,
498 4251 526 4296 ut
544 4245 658 4311 theologi
678 4251 748 4298 recte
768 4243 987 4306 observandam
1006 4251 1238 4308 argrtmentumer
1258 4242 1313 4294 solo

98 4343 159 4388 textu
176 4333 248 4400 apud
268 4335 332 4398 Epn.
353 4333 474 4399 petitum,
492 4347 543 4385 non
563 4339 603 4386 est
622 4334 783 4386 convincens
801 4331 859 4386 elac
876 4329 1029 4386 traditionis
1048 4331 1206 4384 testimonla.

159 4419 170 4452 ¹
187 4423 225 4476 El.
246 4421 325 4477 lietb.
346 4423 367 4474 Τ
387 4421 439 4474 lib:
459 4423 494 4475 Ne
513 4420 595 4478 illob's
616 4423 699 4490 (quod
719 4422 769 4475 dici
789 4421 865 4488 solet)
884 4419 1007 4474 manibus
1026 4421 1146 4474 accedas.
1160 4447 1194 4460 -
1209 4417 1311 4474 Parui.

97 4513 154 4580 (Ful.
171 4512 229 4580 tt):
249 4513 286 4564 Ne
304 4511 423 4566 sinemus
442 4511 550 4565 cosdem
571 4511 597 4564 ln
616 4513 665 4565 troc
684 4512 771 4578 ipsum
791 4507 873 4564 illotis
891 4508 1047 4578 irrumpere
1063 4507 1185 4578 pedibus.
