3390 5096
366 317 432 383 228
682 333 877 384 consumme
900 334 1133 383 romanarum
1155 334 1273 382 uantur.

366 477 451 548 quoe
472 459 732 538 multitudiue.
753 459 806 526 Dei
830 467 936 526 autem
959 466 1016 536 est,
1033 457 1183 544 quicquid
1207 458 1277 526 eius
1297 459 1398 544 gratia
1422 459 1472 526 vel
1499 457 1602 526 dona·

199 578 272 624 traua·
287 578 307 631 ⁸,
323 579 343 624 ι.
367 573 433 632 tum
458 574 505 632 est
530 566 576 633 vel
601 566 789 634 institutum.
815 566 879 632 lmo
901 566 973 634 alibi
1006 565 1189 632 nominatim
1221 565 1344 651 leproso
1368 567 1539 652 praecipit,
1567 573 1606 631 ut

367 673 519 740 sacerdoti
545 691 662 742 mimus
685 691 727 740 ex
751 675 818 760 lege
840 673 981 740 dehitum
1008 691 1065 758 pro
1088 673 1136 740 sui
1165 673 1385 740 emundatione
1408 673 1537 740 oderat.
1567 673 1606 738 Et

365 779 491 847 viduam
516 780 739 869 pauperculam
764 779 909 848 laudibus
931 779 1032 858 effert,
1055 798 1137 865 quae
1160 780 1191 846 in
1208 779 1465 865 gazophylacium
1484 779 1602 866 templi

198 897 250 942 tto-
266 898 299 952 ¹².
313 899 348 946 ⁸³·
366 885 507 964 coniecit,
523 872 673 972 quiequid
697 904 739 955 ex
762 885 908 954 facultate
932 905 989 953 sua
1014 886 1133 953 hahuit.
1155 886 1236 970 Quin
1260 885 1321 952 alio
1344 886 1374 951 in
1393 886 1460 954 loco
1477 886 1533 953 ius
1550 887 1606 952 de

366 993 519 1061 cimanum
543 993 776 1078 approbatum
796 993 968 1061 Pharisaeis
989 993 1225 1060 decimationem
1250 992 1449 1078 exprobrans
1472 994 1604 1060 interea

216 1111 290 1210 reip
306 1111 339 1165 2³.
368 1099 492 1179 iudicio,
516 1099 730 1167 misericordia
753 1109 784 1168 et
807 1100 868 1168 fide
901 1099 1147 1186 praetermissis:
1173 1100 1273 1179 Haec,
1302 1100 1414 1186 inquit,
1445 1099 1606 1185 oportuit

289 1195 295 1208 '
366 1203 478 1292 farere
499 1215 529 1272 ct
551 1207 610 1273 illo
632 1226 699 1274 noo
733 1207 890 1286 omittere,
915 1225 1066 1293 perquam
1100 1208 1277 1275 luculenter
1308 1207 1459 1285 indicans,
1483 1207 1601 1274 deberi

366 1313 492 1400 quidem
515 1312 731 1381 sacerdotibus
752 1295 899 1394 decimas,
921 1322 953 1381 at
987 1313 1114 1380 illorum
1146 1331 1214 1381 esse
1249 1331 1307 1380 suo
1339 1313 1464 1380 interim
1488 1313 1606 1380 officio

365 1420 465 1506 iungi,
490 1439 528 1487 ne
551 1419 612 1486 lide
635 1437 710 1506 erga
733 1421 844 1500 Deum,
868 1421 972 1489 iudicii
997 1438 1072 1507 erga
1103 1437 1270 1506 oppressos
1300 1428 1331 1488 et
1358 1419 1603 1486 misericordiae

365 1545 440 1613 erga
463 1527 634 1613 indigentes
657 1527 891 1594 obliviscantur.
911 1527 1049 1613 Denique
1066 1527 1211 1594 Christus
1232 1528 1308 1613 ipse,
1324 1525 1602 1614 quemadmodum

256 1645 306 1689 tue·
322 1645 343 1690 ⁸·
367 1633 520 1719 Evangelii
537 1642 644 1701 narrat
662 1633 800 1712 historia,
818 1630 966 1702 mulieres
982 1635 1101 1720 aliquot
1121 1635 1287 1720 opulentas
1307 1633 1455 1701 hahuisse
1478 1633 1601 1711 lertur,

242 1751 292 1796 tue·
308 1751 341 1794 ⁴⁰·
365 1747 402 1807 ut
425 1742 588 1820 harlham,
613 1748 648 1807 ut
671 1741 797 1808 llariam
822 1741 1042 1826 llagdalenam,
1067 1748 1103 1807 ut
1127 1741 1281 1820 loannem,
1306 1757 1440 1807 uxorem
1457 1739 1600 1816 Chusae,

365 1847 579 1934 procuratoris
603 1847 740 1926 Herodis,
765 1853 801 1915 ut
824 1849 996 1914 Susannam
1020 1847 1160 1934 aliasque
1185 1847 1310 1927 mtiltas,
1334 1864 1416 1932 quae
1433 1847 1600 1913 ministra-

223 1963 252 2008 u.
267 1963 300 2016 tt.
315 1961 337 2006 ⁶·
366 1954 440 2021 hant
463 1952 489 2020 ci
514 1954 554 2021 de
576 1953 776 2022 facultatibus
799 1955 865 2022 suis
878 1957 901 2020 ¹.
925 1953 1011 2022 Unde
1034 1963 1065 2021 et
1090 1954 1194 2021 ludam
1212 1953 1328 2040 legitur
1352 1952 1501 2020 hahuisse
1518 1971 1600 2038 pro

364 2051 555 2139 clanmorem,
579 2061 632 2145 qui
658 2061 776 2128 loculos
800 2061 928 2140 habene,
952 2079 1093 2147 eaquae
1118 2061 1332 2140 mittebantur,
1358 2059 1513 2145 portabat.
1532 2059 1596 2126 Sed

364 2173 396 2232 et
419 2165 552 2252 Apostoli
576 2165 783 2253 discipulique
817 2167 931 2234 Christi
961 2167 1174 2252 praeceptoris
1196 2166 1369 2234 doctrinam
1393 2171 1425 2232 et
1447 2164 1532 2232 dicto
1563 2173 1599 2231 et

221 2283 304 2336 Gar-⁶.
319 2283 340 2326 t·
364 2271 445 2339 lacto
469 2271 576 2338 imitati
602 2279 685 2339 siunt.
710 2273 784 2339 Nam
810 2274 974 2358 Apostolus
1007 2281 1038 2340 et
1070 2273 1100 2338 in
1124 2271 1256 2339 Galatis:
1283 2271 1517 2350 Contrariorum,
1544 2272 1595 2338 in-

365 2378 444 2463 quit,
468 2379 508 2456 la,
532 2379 591 2466 qut'
614 2377 844 2446 catechizatur
869 2379 975 2458 uerbo,
999 2379 1039 2459 et',
1063 2381 1123 2468 qui
1143 2398 1177 2445 se
1199 2377 1395 2458 catechizat,
1419 2380 1455 2445 iu
1484 2379 1598 2445 omni-

196 2496 304 2594 ''hh‘li'
319 2495 341 2547 e
365 2483 426 2550 huc
448 2487 520 2550 suis
545 2485 647 2552 bouis.
673 2487 708 2552 Et
731 2487 761 2553 in
788 2487 892 2572 priore
922 2487 961 2554 ad
993 2488 1282 2554 Thessalonicenses
1305 2486 1451 2573 epismla:
1483 2487 1596 2572 Rogo-

256 2582 261 2593 ’
303 2579 309 2592 ’
363 2610 450 2670 mars,
477 2591 589 2677 inquit,
613 2611 670 2658 vos
692 2591 830 2678 fratres,
855 2603 891 2659 ot
915 2593 1105 2681 agnoscetis
1128 2613 1193 2671 eoa,
1228 2593 1287 2682 qui
1320 2591 1476 2659 lotorum
1504 2591 1599 2658 inter

364 2717 432 2776 vos,
456 2707 483 2765 et
507 2699 566 2786 qui
586 2708 748 2784 praesunt
772 2699 862 2766 ooliia
886 2701 920 2766 iu
944 2700 1076 2767 dourino
1099 2709 1128 2766 et
1163 2701 1339 2768 odotooent
1373 2717 1440 2778 vos,
1464 2707 1503 2765 ut
1532 2697 1596 2766 ho-

364 2803 466 2872 tentia
490 2806 562 2872 tllris
586 2807 621 2873 lu
644 2826 774 2873 ‚tiammo
807 2808 912 2894 pretio
942 2827 1002 2893 per
1033 2805 1229 2876 charitatem
1250 2815 1387 2894 propter
1411 2825 1494 2892 opus
1517 2805 1597 2872 illo

363 2931 452 2978 rrum.
478 2913 594 2980 Verum
619 2914 726 2981 multis
748 2915 829 2981 hanc
853 2915 883 2981 in
908 2933 973 2982 rem
1005 2915 1200 3001 argumentis
1224 2922 1291 2982 tum
1314 2931 1355 2981 ex
1380 2913 1495 2992 innata,
1520 2920 1595 2980 tum

213 3029 233 3072 ¹·
246 3029 297 3126 ffl-
312 3029 333 3080 9·
364 3021 545 3105 exscripta
569 3020 635 3106 lege
660 3020 829 3106 productis,
855 3023 930 3088 haec
967 3023 997 3088 in
1028 3021 1198 3088 Corinthiis
1228 3039 1323 3108 quam
1352 3019 1513 3087 uberrime
1537 3019 1596 3087 de-

295 3112 302 3125 ’
364 3133 533 3193 monstrat:
560 3127 653 3210 Qrcis,
686 3129 798 3213 inquit,
832 3128 954 3195 militet
987 3129 1060 3196 suis
1094 3128 1269 3215 stipemlr'ie
1300 3125 1475 3216 uinquam?
1507 3127 1598 3209 Quts

359 3231 493 3318 plantat
514 3233 645 3299 ciocum
669 3244 698 3299 et
720 3235 759 3300 de
780 3231 898 3320 srumu
922 3234 994 3300 eius
1016 3255 1083 3301 nou
1106 3233 1192 3300 edit?
1217 3235 1300 3317 Quis
1325 3234 1436 3319 puscit
1457 3251 1596 3319 gregem

362 3346 391 3404 et
413 3339 452 3405 dc
475 3339 556 3405 lucto
577 3339 689 3424 gregis
714 3359 778 3405 unu
802 3339 1008 3407 munducat?
1031 3341 1089 3408 Sed
1113 3340 1197 3427 quod
1221 3341 1376 3427 sequitur,
1392 3337 1597 3406 animadver-

363 3451 483 3511 tamus:
509 3443 670 3532 Numquid
691 3447 872 3512 secundum
897 3444 1061 3512 hominem
1085 3444 1165 3513 tuneo
1197 3445 1295 3513 dico?
1320 3449 1372 3511 An
1396 3465 1463 3512 mou
1486 3453 1515 3510 ct
1539 3443 1598 3510 lea·

228 3559 340 3607 mutte-
363 3547 568 3618 haecdicit?
592 3547 679 3636 (201)
704 3552 872 3639 Scriptum
896 3559 942 3618 est
965 3554 1051 3619 anim
1076 3553 1112 3620 in
1141 3553 1207 3640 lege
1230 3552 1331 3619 Moci:
1361 3551 1436 3620 llloo
1470 3550 1597 3637 alliga·

364 3656 413 3723 lu'a
436 3677 472 3723 os
496 3657 569 3724 boui
590 3659 775 3725 trituranti.
802 3658 963 3748 Numquid
986 3660 1024 3726 de
1048 3659 1148 3727 hobus
1164 3679 1252 3726 carro
1274 3668 1320 3726 est
1338 3657 1425 3725 Deci
1444 3662 1497 3724 Ao
1510 3678 1597 3745 pro-

360 3773 434 3850 pter
457 3783 517 3830 uos
540 3766 651 3853 utiquo
674 3762 733 3831 hoc
757 3765 860 3831 elicit?
885 3765 972 3832 Nom
993 3775 1131 3852 propter
1154 3785 1214 3833 uos
1242 3767 1370 3852 scripto
1398 3773 1487 3844 stant,
1511 3784 1596 3852 quo-

363 3871 457 3936 ru'um
481 3871 517 3936 iu
539 3891 596 3958 spo
618 3871 717 3950 dehet,
741 3872 800 3960 qui
822 3882 913 3951 orat,
937 3891 1051 3950 mure,
1075 3881 1105 3939 et
1127 3873 1187 3960 qui
1210 3873 1413 3951 trituratio
1435 3891 1492 3958 spe
1513 3867 1595 3956 fric-

363 3985 436 4042 ctus
456 3978 671 4063 percipiendi.
698 3979 735 4044 Si
755 3999 816 4045 nos
839 3979 930 4046 uoltis
945 3979 1141 4065 spiritualia
1159 3980 1411 4060 samiuooimus,
1428 3997 1594 4065 magnum
1692 4045 1693 4058 ,

363 4091 419 4162 est,
436 4084 468 4148 si
489 4104 549 4150 uos
573 4085 730 4152 curculio
753 4093 863 4152 uestro
887 4087 1071 4152 tractamus?
1096 4087 1184 4172 Quod
1209 4087 1311 4172 ipsum
1336 4087 1496 4172 aliquanto
1520 4103 1597 4152 suc·
1692 4125 1693 4136 κ

216 4197 235 4242 ι.
250 4199 304 4244 un
319 4201 340 4244 ⁵·
363 4189 495 4256 cinctius
520 4191 550 4256 in
583 4191 689 4276 priore
721 4192 759 4258 ad
791 4193 989 4260 Timotheum
1014 4193 1145 4278 epistola
1177 4211 1244 4278 cap.
1270 4195 1299 4260 h'.
1327 4192 1468 4262 resumit.
1498 4191 1595 4276 Quid,

433 4441 442 4474 ¹
463 4443 545 4498 durh.
567 4458 588 4495 c.
609 4444 652 4495 36.
672 4444 692 4494 u
713 4445 742 4496 6:
762 4444 826 4497 ltine
844 4449 869 4496 et
882 4445 907 4495 in
918 4442 1057 4512 primitivo
1078 4443 1188 4498 cocheio
1202 4443 1329 4500 meteres
1342 4444 1374 4498 de
1387 4443 1444 4498 sors
1456 4442 1595 4514 (acuitati-

363 4531 411 4586 hus
424 4531 615 4588 ministruhuut
628 4531 741 4597 Christo,
761 4533 788 4586 id
806 4533 878 4601 qnod
899 4534 924 4586 in
944 4533 1063 4596 Morthu,
1084 4533 1110 4587 iu
1131 4535 1243 4600 leonae,
1267 4547 1356 4590 umore
1375 4532 1488 4600 diuam,
1502 4533 1593 4587 claret.
