3390 5096
512 322 641 370 renrrus
671 321 877 369 coxanussos.
1246 301 1310 370 923

87 445 212 512 modum
235 447 297 513 sub
320 447 454 513 articulo
476 447 608 513 0111110Ῑ
634 445 784 525 diximus,
809 464 865 512 nec
890 446 1004 531 probos
1029 445 1120 514 hodie
1136 445 1312 514 sacerdotes

85 553 199 619 otiosos
221 571 290 620 esse
315 562 451 632 ventres,
475 571 585 620 eorum
610 552 735 620 abunde
759 552 956 620 manifestant
977 553 1090 630 ollicia,
1115 571 1196 639 quae
1219 561 1311 619 sunt:

85 659 224 743 quotidie
248 661 279 725 in
306 659 440 726 Ecclesia
463 659 652 739 ministrare,
676 659 801 727 assidue
823 678 916 726 orare
940 678 997 745 pro
1020 656 1106 742 (195)
1130 659 1256 746 populo,
1280 659 1311 725 in

87 766 148 850 lege
176 766 229 832 [lei
255 767 371 852 ingiter
395 766 537 834 meditari
562 775 592 834 et
617 766 748 833 verbum
775 767 827 834 bei
853 767 974 852 plebem
998 766 1107 834 sedulo
1130 767 1252 834 docere.
1277 769 1313 833 tt

85 873 263 939 sacerdotes
288 872 458 956 improbos
483 881 643 958 torpentes
665 874 705 940 ab
729 873 842 950 officio,
858 891 895 939 ac
917 873 981 939 otio
1006 873 1170 959 ventrique
1193 872 1313 940 deditos

86 997 240 1046 excusare
264 988 320 1045 aot
343 979 520 1058 detondere,
544 979 808 1065 quemadmodum
833 979 966 1047 subinde
990 979 1050 1046 iarn
1075 979 1236 1066 protestati
1260 997 1313 1047 su-

86 1103 164 1163 mus,
191 1103 295 1172 neque
320 1086 452 1152 facultas
476 1104 578 1172 neque
604 1086 749 1152 voluntas
772 1093 828 1152 est.
853 1123 895 1133 -
921 1087 1080 1153 Postremo
1103 1087 1182 1154 sacri
1207 1086 1313 1153 docto

87 1210 134 1258 res
158 1211 218 1258 nos
240 1191 402 1270 erudiunt,
427 1192 509 1258 inter
540 1192 690 1278 sullragia
713 1210 759 1269 ea,
788 1211 870 1278 quae
903 1191 942 1259 ad
978 1199 1178 1259 mortuorum
1204 1211 1314 1260 curam

85 1299 229 1376 attinent,
264 1317 326 1364 non
359 1299 460 1364 solum
492 1317 561 1365 esse
596 1299 708 1366 missae
739 1299 928 1367 sacrificium
964 1308 995 1368 et
1023 1299 1206 1379 orationem,
1231 1299 1314 1366 unde

87 1424 145 1471 non
160 1407 176 1436 *
204 1406 281 1472 nihil
306 1406 487 1492 temporalis
512 1407 613 1472 lucelli
639 1405 854 1473 sacerdotibus
876 1406 996 1474 accedit
1011 1415 1042 1474 et
1058 1406 1185 1492 quidem
1210 1407 1314 1474 iustis-

86 1512 174 1590 sime,
201 1511 465 1596 quemadmodum
489 1512 549 1578 sub
571 1511 706 1579 articulo
721 1512 781 1578 iam
800 1513 946 1596 proxime
969 1512 1111 1598 sequenti
1126 1514 1138 1552 ²
1154 1531 1249 1598 quam
1267 1513 1315 1579 lu-

87 1617 301 1684 culentissime
335 1617 528 1696 docebimus,
554 1635 663 1684 verum
700 1617 793 1684 etiam
829 1617 980 1684 ieiunium
1016 1635 1053 1684 ac
1076 1619 1315 1703 eleemosynam,

90 1725 171 1790 unde
198 1725 228 1791 in
252 1724 342 1791 obilu
365 1724 498 1790 divitum
523 1725 716 1810 pauperibus
743 1723 944 1791 emolumenti
969 1724 1143 1809 plurimum
1166 1724 1316 1791 obvenire

88 1849 179 1898 nemo
204 1850 265 1898 non
291 1832 386 1897 norit.
410 1831 608 1916 Quapropter
632 1831 709 1898 haec
734 1840 933 1897 mortuorum
957 1849 1035 1898 cura
1058 1849 1119 1898 non
1143 1839 1190 1898 est
1213 1849 1316 1898 sacer-

87 1935 200 2004 dotalis
222 1937 372 2004 avaritiae
396 1945 620 2015 commentum,
643 1945 675 2003 at
690 1937 846 2034 ¹salutaris
868 1937 1029 2004 doctrinae
1052 1937 1226 2004 consilium.

177 2045 276 2110 l‘orro
300 2043 384 2130 quod
408 2043 438 2110 in
463 2045 547 2110 calce
571 2043 663 2112 nimis
686 2063 780 2130 quarn
800 2044 913 2130 inepte,
930 2053 967 2111 ul
982 2045 1096 2124 omnia,
1120 2043 1316 2123 subnectitis,

92 2151 219 2219 Paolum
245 2152 276 2218 iu
300 2151 415 2218 Galatis
438 2151 552 2231 dicere,
578 2153 654 2219 tales
677 2152 819 2219 homines
842 2170 862 2218 a
888 2152 988 2237 gratia
1019 2152 1071 2219 bei
1097 2151 1262 2231 excidisse,
1286 2159 1317 2218 et
1340 2170 1388 2216 oar.
1403 2169 1458 2223 ss.

90 2257 250 2326 Christum
275 2259 320 2324 eis
343 2257 459 2325 lactum
484 2276 552 2325 esse
576 2258 729 2338 inutilem,
753 2259 807 2344 qni
832 2258 898 2326 suis
920 2258 1041 2324 meritis
1056 2258 1168 2336 lidum,
1186 2258 1263 2325 nihil
1279 2257 1317 2324 ad

92 2363 258 2442 bacchum,
283 2372 319 2430 ut
342 2365 510 2450 proverbio
533 2365 644 2432 lerlur.
671 2366 785 2431 Paulus
808 2365 903 2444 enim,
927 2365 951 2431 si
976 2365 1049 2450 quis
1073 2365 1175 2432 locum
1199 2383 1318 2451 expen-

91 2471 142 2537 dat
159 2473 204 2550 **,
231 2472 371 2557 loquitur
393 2471 546 2539 adversus
569 2473 851 2558 pseudoapostolos
868 2473 921 2557 qul
939 2471 1062 2539 Galatas
1079 2473 1109 2538 in
1127 2471 1318 2540 Iudaismum

94 2579 301 2662 perrexerant,
329 2579 368 2645 de
391 2579 540 2664 operibus
564 2579 649 2665 legis,
674 2579 703 2646 id
735 2588 792 2658 est,
817 2579 1054 2646 circumcisione
1076 2579 1210 2665 aliisque
1233 2597 1319 2646 cere-

94 2685 215 2762 moniis,
241 2685 271 2751 in
296 2687 413 2771 quibus
437 2687 479 2752 ita
503 2685 650 2764 fidebant,
675 2694 710 2752 ut
738 2705 794 2772 per
826 2705 863 2752 ea
893 2705 926 2752 se
957 2687 1089 2772 gratiam
1114 2687 1231 2753 Christi
1257 2704 1319 2752 me-

93 2790 400 2870 ruissecredereot;
425 2791 557 2878 quodsi
584 2810 694 2862 verum
719 2799 811 2871 esset,
844 2793 903 2858 iam
936 2811 996 2858 non
1033 2799 1114 2860 esset
1145 2793 1257 2879 gratia,
1289 2800 1320 2860 et

92 2897 247 2978 Christus,
264 2898 382 2984 gratiae
398 2906 519 2978 auctor,
536 2899 655 2965 lrustra
679 2907 824 2966 mortuus
847 2907 938 2966 esset.
965 2898 1095 2966 Proinde
1115 2900 1228 2966 asserit
1251 2899 1320 2966 illos

94 3015 261 3072 evacuatos
283 3025 302 3070 a
325 3005 459 3086 Christo,
484 3025 539 3073 seu
561 3005 720 3072 Christum
739 3006 854 3072 lactum
876 3007 921 3072 eis
943 3006 1089 3085 otiosum,
1113 3014 1144 3073 et
1167 3025 1221 3073 eos
1237 3005 1320 3073 ***a

93 3111 192 3194 gratia
215 3111 383 3192 excidisse,
408 3111 672 3198 quemadmodum
699 3112 829 3179 uberius
860 3112 921 3178 sub
951 3111 1085 3179 articulo
1113 3113 1257 3198 quarto³
1282 3112 1321 3180 de

95 3216 183 3285 bonis
206 3219 357 3304 operibus
380 3219 573 3304 explicatum
596 3226 653 3286 est.
678 3221 714 3286 ht
738 3219 789 3285 hic
812 3219 873 3285 iam
897 3219 987 3286 nobis
1010 3228 1057 3286 est
1080 3237 1184 3286 sermo
1206 3219 1245 3286 de
1262 3219 1321 3305 piis

93 3325 254 3409 operibus,
278 3343 359 3411 quae
382 3325 537 3393 defunctis
572 3334 642 3410 post
676 3333 809 3392 mortem
845 3345 864 3392 a
898 3326 1076 3393 virentibus
1115 3325 1320 3406 exhibentur,

94 3429 122 3496 in
147 3431 267 3518 quibus
290 3439 443 3517 quantum
469 3432 565 3499 lidere
587 3450 624 3500 ac
644 3449 772 3517 sperare
790 3433 888 3511 liceat,
906 3432 966 3498 iam
982 3433 1152 3516 attigimus,
1169 3432 1320 3498 nimirum

94 3547 128 3604 ut
144 3539 317 3606 credantur
337 3539 494 3625 prodesse,
511 3558 571 3605 non
596 3537 634 3606 ad
659 3539 761 3606 meriti
786 3548 990 3625 augmentum
1008 3537 1084 3619 ****‚
1109 3539 1161 3606 sod
1185 3539 1222 3605 ad
1247 3557 1322 3624 sup-

95 3646 287 3728 plementum
312 3645 529 3712 satisfactionis
548 3647 675 3714 hicnon
695 3647 848 3732 expletae.
868 3646 994 3724 Verum,
1012 3647 1095 3732 qnod
1120 3645 1264 3713 liduciam
1291 3647 1320 3712 in

94 3751 289 3836 quibuslibet
310 3753 461 3838 operibns
484 3754 573 3820 honis
599 3753 643 3820 rel
669 3753 842 3820 moralibus
858 3771 986 3838 quoque
1003 3753 1094 3819 lartio
1112 3763 1214 3820 rostra
1231 3772 1321 3838 pror-

95 3877 149 3924 sus
171 3857 322 3926 damnare
345 3859 433 3938 solet,
459 3860 607 3925 hocloco
632 3860 718 3945 pium
744 3860 890 3926 lectorem
915 3859 1006 3926 velim
1031 3859 1236 3940 admonitum,
1261 3878 1321 3926 non

158 3991 169 4010 ⁶
190 4005 283 4038 «uon»
303 3993 378 4038 deest.
869 3993 892 4012 ”
910 3993 1037 4052 expandat.

158 4071 196 4094 ⁸⁹·
217 4085 303 4117 «uss»
323 4071 397 4118 deest.
868 4073 917 4092 ‘¹⁸'
935 4077 1107 4131 argunrenlum.

170 4341 176 4376 ¹
200 4343 285 4407 Supra
311 4343 367 4395 tle.

168 4427 179 4460 ¹
198 4433 252 4484 hrt.
272 4433 316 4484 23.

169 4517 180 4549 ⁸
200 4522 286 4586 Supra
310 4521 358 4572 ll6
378 4537 418 4588 sq.
