3390 5096
361 193 425 258 996
675 211 871 260 conrurnrro
893 211 1126 260 uorunnnrusur
1149 213 1267 260 uarum.

360 341 423 402 tam
450 354 507 420 pro
531 331 622 416 (198)
645 335 800 402 defunctis
823 354 917 421 quam
943 355 1001 421 pro
1025 336 1120 416 vivis;
1145 337 1280 422 denique
1311 355 1372 403 non
1406 337 1539 404 iraudes
1562 345 1592 404 et

360 442 550 528 imposturas
573 460 651 522 esse,
674 451 707 508 at
732 442 838 510 laudes
863 443 914 510 Dei
939 451 970 510 et
1006 443 1168 510 lrominum
1192 461 1286 511 curas
1308 445 1413 511 omnia
1438 445 1591 511 Ecclesia-

360 547 427 614 stici
453 549 534 616 ritus
557 549 669 628 officia,
693 549 759 616 sive
783 549 861 616 vivis
884 550 949 616 sire
974 549 1109 617 mortuis
1129 550 1278 636 impensa,
1302 551 1512 618 monachismi
1539 569 1590 617 re

360 655 484 722 ritatem
509 673 582 722 nrox
608 657 771 735 asserturi,
796 655 945 723 nimirum
969 675 1027 724 ceu
1053 657 1143 724 bases
1165 664 1197 724 el
1219 656 1421 724 fundamenta
1444 657 1590 724 omnium

359 779 510 828 censuum
537 763 833 842 Ecclesiasticnrum
857 782 938 849 quae
963 771 1129 848 propterea
1145 763 1297 831 hactenus
1313 763 1470 831 subruere
1486 763 1590 831 eonati

359 869 444 946 estis,
468 888 532 955 quo
555 871 600 936 sic
624 869 747 937 tandem
765 871 794 936 in
814 869 1025 936 Ecclesiastico
1045 870 1127 937 bona
1142 869 1318 955 expeditior
1337 870 1385 936 via
1400 879 1590 955 pararetur:

360 1011 402 1056 ··.
425 975 626 1042 ostendemus
649 995 690 1042 ex
714 977 797 1042 omni
823 976 900 1062 lege,
925 976 1067 1044 videlicet
1091 983 1233 1056 naturae,
1255 977 1374 1061 scripta
1402 985 1434 1043 et
1456 977 1589 1062 gratiae,

359 1100 453 1167 quam
480 1083 664 1149 iustissimas
687 1101 755 1150 esse
778 1083 982 1162 decimarum,
1006 1083 1220 1168 collegiorum,
1244 1083 1521 1159 monasteriorum,
1546 1101 1591 1148 sa-

360 1187 582 1266 cerdotiorum,
606 1207 685 1274 quas
709 1189 903 1275 praebendas
924 1190 1118 1276 appellitant,
1143 1196 1174 1256 et
1197 1189 1346 1258 similium
1364 1189 1520 1256 Ecclesiae
1535 1188 1589 1254 do

360 1295 511 1362 talionem
537 1295 741 1363 fundationes.

450 1402 615 1487 Principio,
639 1403 797 1487 quoniam,
822 1410 858 1469 ut
889 1403 949 1470 sub
972 1403 1105 1470 articulo
1129 1402 1227 1468 lllll.¹
1252 1419 1294 1470 ex
1318 1402 1494 1487 apostolica
1518 1420 1589 1469 sen·

360 1509 455 1574 tentia
479 1508 655 1588 docuimus
678 1508 824 1576 sacerdos
846 1509 982 1595 ortisque
1013 1509 1159 1595 publicus
1192 1509 1332 1576 universi
1357 1509 1464 1595 populi
1495 1509 1588 1574 mini·

359 1623 424 1681 ster
447 1623 494 1682 est
519 1615 548 1681 in
574 1616 611 1682 ils
634 1634 715 1701 quae
738 1635 813 1701 erga
837 1617 937 1684 Deum
959 1623 1109 1702 aguntur,
1134 1615 1282 1682 nimirum
1310 1616 1457 1682 omnious
1487 1613 1589 1682 modis

360 1739 428 1806 par,
451 1741 588 1808 aequum
611 1741 647 1789 ac
673 1724 795 1790 innatae
827 1722 885 1808 legi
915 1741 971 1790 seu
996 1723 1106 1790 rationi
1132 1730 1235 1790 rectae
1258 1733 1504 1790 consentancum
1531 1729 1587 1798 est,
1658 1709 1659 1750 r

360 1836 396 1894 ut
431 1829 566 1914 populus
599 1829 698 1896 eidem
736 1835 785 1913 (ut
820 1829 998 1909 minimum)
1034 1829 1208 1896 necessaria
1243 1829 1324 1896 ritae
1355 1829 1585 1906 subministret,
1658 1861 1659 1914 3

360 1954 471 2022 nempe
494 1937 610 2003 victum
635 1945 667 2003 et
689 1935 839 2003 amictum
852 1937 874 2002 ¹.
899 1936 968 2021 Quo
991 1936 1108 2002 laetum
1133 1944 1191 2013 est,
1215 1942 1250 2002 ut
1285 1935 1372 2002 nulla
1403 1935 1500 2002 luerit
1533 1954 1588 2001 un·
1658 1931 1659 1944 ¹

287 2065 293 2078 ·
359 2061 455 2128 quam
478 2045 562 2110 natio
594 2050 655 2109 tam
688 2043 827 2118 immitis,
852 2051 915 2109 tam
947 2043 1053 2120 edera,
1078 2049 1140 2108 tam
1175 2043 1320 2121 barbara,
1344 2060 1426 2128 quae
1449 2042 1587 2128 publicis

359 2149 520 2234 stipendiis
543 2169 604 2217 non
628 2149 743 2216 aluerit
766 2149 942 2216 sacerdotes
965 2167 1049 2228 suos,
1066 2149 1159 2216 etiam
1175 2156 1456 2235 quantumcunque
1473 2149 1587 2216 absur-

359 2255 416 2322 dae
441 2257 608 2341 religionis
643 2262 708 2335 aut,
732 2265 768 2323 ut
800 2256 916 2323 rectius
946 2256 1057 2334 dicam,
1090 2255 1321 2340 superstitionis
1355 2256 1530 2334 ministros,
1555 2254 1584 2320 id

360 2362 443 2447 qnod
469 2363 551 2430 nand
576 2381 689 2448 magno
713 2363 835 2448 negotio
859 2363 896 2446 (si
922 2362 969 2430 vel
995 2363 1039 2429 rei
1064 2363 1189 2430 claritas
1211 2363 1354 2448 erigeret
1377 2363 1424 2429 vel
1450 2359 1585 2429 instituti

360 2469 439 2534 ratio
464 2477 638 2554 pateretur)
662 2470 792 2536 edocere
816 2487 977 2555 possemus
1001 2469 1176 2536 innumeris
1198 2469 1361 2555 gentilium
1378 2469 1585 2536 historiarum
1658 2469 1659 2560 ζ

360 2577 513 2662 exemplis
536 2577 671 2656 Graecis,
695 2576 798 2644 latinis
821 2595 857 2643 ac
882 2575 1033 2656 barbaris,
1060 2577 1088 2642 in
1113 2577 1230 2661 quibus
1254 2577 1369 2663 passim
1405 2576 1441 2642 lit
1470 2575 1586 2643 mentio
1658 2561 1659 2648 Ῑ

360 2700 512 2749 censuum
538 2683 787 2750 sacerdotalium.
813 2683 871 2750 Sed
903 2691 939 2750 ut
968 2683 1007 2749 de
1036 2683 1182 2768 plurimis
1205 2701 1305 2750 unum
1329 2682 1424 2768 idque
1446 2702 1465 2750 e
1488 2682 1585 2750 sacris

219 2799 322 2898 Ἥ.
359 2791 490 2874 petitum
514 2789 717 2868 adducamus,
739 2807 841 2856 nonne
865 2790 997 2874 legimus
1020 2790 1051 2855 in
1076 2789 1585 2880 sacraGeneseoshisloria,Pl1a-

299 2883 305 2898 '
361 2915 487 2962 raonem
513 2896 572 2962 sub
597 2896 662 2981 lege
686 2903 818 2962 naturae
840 2895 944 2962 adltuc
967 2903 1110 2982 agentem
1145 2896 1176 2962 id
1210 2896 1438 2962 observasse³l
1462 2895 1584 2963 Dicitur
1658 2957 1659 2990 ἦ

359 3002 453 3081 enim,
477 3003 560 3088 quod
585 3005 660 3068 ecrit
684 2999 797 3088 loceplt
821 3021 949 3068 ornarem
973 3013 1100 3069 terrum
1118 3002 1268 3090 Aepppti,
1285 3001 1497 3068 vendentibus
1517 3001 1584 3068 cin·
1658 2991 1659 3036 ἕ

356 3109 446 3195 polis
466 3109 687 3195 possessiones
709 3129 792 3174 sitos
811 3129 897 3194 pree
912 3109 1143 3196 ineptitudine
1157 3107 1275 3196 semis,
1292 3107 1492 3196 stediccitqtce
1511 3125 1585 3174 enm
1658 3187 1659 3200 ἵ

360 3211 545 3294 Pharaoni,
569 3225 598 3281 et
620 3223 754 3282 cunctos
775 3215 914 3301 populos
937 3216 1009 3281 eius
1025 3235 1048 3281 a
1062 3215 1254 3282 noosscimis
1277 3215 1428 3282 termim's
1445 3212 1586 3302 Aepypti
1658 3209 1659 3216 ’

359 3341 461 3409 usqne
484 3323 531 3388 oti
553 3333 714 3388 eclrenres
736 3321 818 3406 fines
841 3323 924 3402 eins,
946 3331 1081 3407 praeter
1104 3331 1231 3388 terram
1252 3322 1476 3400 caementum,
1500 3339 1585 3410 qnne

358 3447 477 3515 crepe
501 3431 629 3496 trudito
651 3428 767 3517 secret
790 3429 846 3495 eir.
874 3428 1002 3512 Quibus
1024 3440 1053 3496 et
1076 3437 1204 3496 statuto
1228 3429 1360 3497 ciborio
1390 3449 1431 3494 eac
1454 3425 1584 3495 horreis
1658 3481 1659 3496 ,

355 3533 498 3620 politicis
519 3535 777 3621 proelnlrnntnr,
801 3545 829 3602 el
853 3537 978 3602 idcirco
1010 3555 1075 3602 non
1106 3545 1185 3601 surrt
1209 3532 1301 3619 (199)
1325 3534 1488 3620 eenrpnlri
1510 3553 1583 3600 veti·
1658 3545 1659 3552 ’

358 3641 434 3707 {lere
454 3644 674 3728 possessiones·
697 3663 790 3708 suos,
815 3643 895 3727 Quid
932 3644 990 3710 linc
1027 3644 1093 3710 loco
1126 3650 1157 3710 et
1191 3643 1332 3728 apertius
1360 3650 1391 3709 et
1413 3641 1582 3716 efficacius,
1658 3651 1659 3708 l

359 3749 441 3833 quod
466 3749 502 3814 ad
529 3757 659 3816 natiuae
685 3749 782 3834 legem
806 3750 939 3816 attinet?
954 3787 998 3796 —
1015 3749 1132 3816 Deinde
1155 3748 1304 3834 quoniam
1329 3749 1381 3816 lex
1404 3748 1524 3834 scripta
1538 3753 1583 3814 est
1658 3757 1659 3762 ’

361 3932 625 3940 ——-

431 4055 438 4084 ¹
460 4057 545 4120 Supra
567 4056 617 4106 lta
637 4071 676 4122 sq.

430 4143 543 4198 ²Enclr¹
564 4161 587 4196 c.
606 4147 649 4197 36.
668 4146 689 4196 lll
711 4143 762 4197 lb:
781 4144 902 4196 llinistris
921 4144 1049 4196 Ecclesiae
1068 4149 1187 4196 tenentur
1216 4141 1313 4196 subditi
1339 4141 1438 4197 etenim
1466 4147 1492 4194 el
1519 4137 1582 4196 erni·

359 4237 432 4288 ctum
451 4234 634 4288 necessarium
652 4233 854 4287 udrninislrnrc.
1658 4247 1659 4328 ι

430 4323 440 4352 ³
461 4325 510 4377 ln:
524 4325 549 4378 ld
564 4325 636 4392 qnod
650 4323 700 4377 snb
713 4323 769 4391 lupe
781 4327 897 4377 nolrrrnc
909 4321 1060 4376 observarit
1071 4322 1187 4376 rtnrno.
1198 4321 1304 4376 Dicitur
1315 4335 1429 4389 namque
1442 4322 1468 4374 ιιι
1481 4319 1582 4383 Genesi,
1658 4343 1659 4360 ι

360 4413 431 4484 qnod
450 4414 542 4483 loseplt
562 4429 667 4468 omnem
687 4418 792 4467 terreni
811 4413 924 4483 Arpppti
940 4410 1050 4466 subrecil
1069 4411 1209 4466 l'ltnrnoni
1227 4419 1277 4464 etc.
1297 4415 1336 4478 (ut
1354 4423 1434 4477 snpra
1448 4411 1474 4463 ιιι
1494 4408 1581 4476 textu).
