3364 5092
533 319 647 368 neruos
670 319 876 368 couenossus.
1277 301 1313 364 tl

103 463 225 527 errasse,
247 447 342 532 idque
364 464 428 512 non
456 445 556 511 solum
589 443 764 523 universos
797 443 849 510 sed
882 439 950 525 (ab)
981 443 1076 509 etiam
1107 443 1257 528 singulos,
1289 449 1319 510 et

102 552 216 638 quiden
241 569 303 620 non
328 559 449 619 uotum
473 569 492 617 a
515 558 580 618 tota
598 550 736 617 veritatis
752 567 886 628 summa,
909 549 963 616 sed
988 566 1027 616 ne
1050 549 1080 615 in
1105 568 1170 615 urm
1193 548 1319 634 quidem

103 657 170 725 lidei
191 659 331 738 articulo,
356 657 477 726 tametsi
501 657 643 724 fortassis
660 657 689 722 in
714 656 783 722 aliis
806 655 994 742 quibusdam
1012 655 1236 722 minutioribus
1260 656 1319 723 bu·

100 765 178 830 mani
200 765 347 850 quiddam
371 773 427 831 aut
451 763 531 848 passi
556 763 628 842 sint,
652 769 708 828 aut
730 773 816 830 certe
839 763 901 847 pati
939 763 1108 847 potuerint.
1133 761 1184 828 llis
1208 761 1320 846 proba-

101 877 150 936 tas
169 871 257 938 totins
283 871 436 938 Ecclesiae
459 869 702 937 consuetudines
726 863 874 955 tanquam
900 869 966 952 pari
991 867 1177 934 auctoritate
1201 885 1319 934 connu-

98 977 254 1044 merandas
279 976 499 1044 existimarim.
525 978 560 1041 tt
577 976 643 1061 pias
666 974 917 1042 orthodoxorum
942 981 1068 1060 patrum
1087 973 1320 1041 lucubrationes

99 1082 143 1148 ita
162 1083 218 1150 sub
241 1090 358 1152 mettim
382 1083 516 1159 admisit,
541 1091 577 1148 nt
592 1100 773 1168 quanquam
791 1099 854 1160 eos,
878 1088 933 1147 aut
957 1081 1131 1158 universos
1154 1081 1318 1147 autetiam

97 1189 260 1275 plerosque
283 1197 388 1257 teneat
411 1189 454 1264 (in
480 1189 634 1274 hisquae
665 1187 704 1254 ad
728 1188 820 1254 iidem
852 1187 998 1268 attinent)
1023 1187 1052 1252 in
1085 1204 1226 1253 errorem
1259 1186 1319 1253 labi

96 1313 157 1360 non
181 1297 327 1380 potuisse,
352 1304 455 1362 emen
478 1303 510 1362 et
533 1295 673 1380 singulos
697 1295 835 1379 potuisse
854 1293 924 1373 labi,
948 1302 979 1362 et
1004 1294 1170 1360 nonnullos
1193 1311 1320 1379 quoque

99 1399 197 1486 lapsos
218 1421 365 1470 essenon
390 1402 516 1488 quidem
541 1421 559 1468 a
578 1408 640 1468 tota
657 1402 798 1468 veritatis
813 1419 947 1480 summa,
971 1410 1003 1467 at
1026 1401 1056 1466 in
1083 1407 1170 1484 parte
1188 1407 1320 1479 tantum,

95 1509 177 1574 unde
198 1519 301 1576 tamen
327 1515 432 1594 postea
456 1511 504 1576 vel
530 1509 721 1594 resipuerint
748 1516 843 1594 atque
867 1509 1094 1584 revocaverint,
1118 1515 1173 1574 ant
1200 1509 1225 1573 si
1258 1525 1319 1573 non

96 1615 321 1692 revocaverint,
352 1621 455 1682 tanmn
487 1615 611 1682 abesset
642 1615 822 1699 pertinacia,
846 1613 972 1700 idque*
996 1614 1057 1680 alio
1088 1613 1321 1698 quovismodo

96 1721 143 1786 vel
167 1721 215 1788 bic
239 1723 287 1790 rel
315 1721 388 1788 alibi
412 1721 580 1807 expiarint.
606 1722 751 1789 Ceterum
776 1729 922 1788 auctores
953 1721 1143 1787 secularium
1167 1738 1320 1805 quarum·

95 1827 168 1894 libet
191 1829 354 1896 literarum
387 1829 429 1894 ita
452 1829 589 1915 bospitio
612 1847 670 1895 suo
692 1827 851 1913 dignatur,
875 1834 1032 1913 qnatenus
1062 1844 1135 1893 vera
1166 1827 1319 1912 quaedam

93 1932 151 2000 sibi
173 1935 380 2002 conducibilia
403 1935 535 2002 subinde
558 1934 716 2013 adierunt,
739 1935 884 2021 quamuis
908 1952 967 1999 uon
986 1933 1125 2018 singulos
1142 1932 1243 2012 modo,
1268 1951 1321 2000 ve·
1356 2007 1358 2014 y

95 2057 165 2106 rum
188 2041 281 2107 etiam
298 2041 464 2109 universos
486 2061 505 2106 a
522 2049 586 2108 tota
602 2041 742 2108 veritatis
758 2059 882 2108 summa
896 2039 1092 2107 exorbitasse
1109 2058 1168 2106 non
1188 2039 1319 2125 ignoret.

93 2147 213 2230 Quibus
237 2149 393 2214 humanae
417 2147 669 2214 ratiocinationes
692 2147 838 2214 associari
868 2154 1036 2232 poterunt;
1063 2145 1111 2212 bis
1140 2147 1223 2212 enim
1250 2146 1321 2212 illae

93 2261 244 2320 constant.
270 2254 345 2319 Nam
371 2253 438 2320 istis
460 2272 588 2341 quoque
612 2254 656 2320 sic
673 2271 783 2320 verum
809 2253 993 2338 colligimus,
1012 2261 1048 2318 ut
1064 2253 1188 2320 interim
1217 2259 1319 2318 umen

93 2360 182 2426 nobis
205 2359 304 2426 relicti
329 2377 368 2427 an
389 2360 498 2426 conlisi
524 2378 652 2445 pereas
675 2380 694 2427 a
718 2366 780 2425 tota
805 2359 945 2425 veritatis
969 2377 1102 2436 summa,
1126 2378 1145 2424 a
1173 2366 1236 2424 tota
1260 2358 1321 2426 doc

93 2465 261 2544 Catholira,
285 2465 313 2531 id
338 2466 422 2550 qnod
447 2467 606 2533 nonnullis
634 2466 770 2546 obvenit,
793 2465 904 2532 abduci
931 2465 1096 2550 possimus.
1122 2467 1321 2550 Quapropter

95 2589 156 2638 noa
178 2573 328 2638 canonica
352 2573 520 2658 utriusque
537 2573 712 2640 testamenti
737 2572 895 2657 scriptura
911 2572 941 2638 in
966 2573 1161 2638 auctoritatis
1177 2590 1249 2638 arce
1267 2591 1320 2656 po-

95 2679 150 2744 sita
173 2686 205 2746 et
228 2675 323 2748 otius
345 2675 500 2748 Ecclesiae
522 2675 636 2748 iudicio
658 2675 799 2748 subiecta
816 2681 838 2763 ¹,
862 2678 899 2744 ad
926 2678 1080 2744 bancalia
1097 2678 1220 2756 discuti,
1245 2695 1321 2744 eua-

93 2785 202 2851 minari
235 2792 268 2852 et
302 2784 421 2851 censeri
456 2783 571 2852 debent
601 2785 716 2862 cannia,
751 2787 902 2851 bactenus
925 2801 983 2869 pro
1008 2784 1090 2850 veris
1121 2783 1319 2868 acceptanda,

93 2899 248 2974 (quaetenus
271 2891 298 2956 ei
324 2909 385 2958 non
411 2890 628 2976 refragantem
654 2892 805 2957 bactenus
821 2900 930 2957 contra
954 2891 1113 2975 profulsis
1136 2889 1319 2968 abiicienda,

92 3005 248 3079 quatenus
263 2995 363 3062 eidem
380 2995 609 3074 roritradicunt
634 2997 728 3082 idque
745 2997 774 3063 in
801 2995 897 3063 rebus
919 2997 956 3062 ad
983 2997 1162 3081 religionem
1180 3004 1318 3062 nostram

93 3101 331 3185 pertinentibus
355 3102 478 3187 Quibus
501 3120 518 3168 e
541 3104 663 3169 cunctis
686 3103 833 3180 allicitur,
851 3110 885 3169 ut
901 3103 1046 3188 quisquis
1068 3103 1185 3188 aliquid
1204 3103 1318 3168 borum

92 3211 231 3276 omnium
256 3209 297 3274 ab
328 3209 464 3276 Ecclesia
495 3209 564 3276 licet
595 3208 710 3295 dispari
736 3209 803 3294 lege
836 3217 1033 3293 receptorum
1059 3209 1088 3274 in
1115 3216 1213 3274 totmu
1246 3227 1319 3275 con·
1347 3270 1414 3316 m
1438 3270 1465 3316 η

93 3315 264 3400 tempserit,
289 3314 379 3381 iuxta
401 3315 515 3382 Cbristi
542 3316 769 3400 praescriptum
794 3315 880 3381 uelut
906 3316 1054 3382 Etbnicus
1077 3324 1107 3382 et
1133 3315 1319 3400 publicanus
1394 3303 1427 3370 ¹⁷2
1465 3304 1472 3325 '

148 3449 159 3472 ”
181 3447 300 3506 «idque»
320 3447 394 3496 deest.

157 3709 167 3740 ¹
188 3709 262 3764 Mon.
283 3711 304 3761 ,ll
324 3709 356 3762 t:
376 3709 422 3761 tito
441 3707 517 3761 nobis
536 3707 571 3760 ab
591 3709 717 3762 Ecclesiae
735 3709 888 3762 auctoritate
909 3709 1077 3774 pendendum
1097 3715 1176 3776 atque
1198 3709 1232 3762 ed
1253 3713 1321 3763 tinne

91 3813 134 3850 teu
154 3799 188 3851 ad
208 3811 312 3851 sacram
331 3811 456 3850 ancoram
476 3797 698 3864 confugiendum,
711 3796 745 3850 ab
765 3800 813 3851 bac
825 3799 913 3851 omnia
933 3805 1039 3864 atquae
1058 3799 1091 3850 ud
1112 3799 1200 3863 Edoni,
1214 3807 1240 3851 et
1252 3813 1320 3866 (pirae

90 3887 120 3940 od
140 3885 296 3940 formandos
315 3901 412 3949 mores,
431 3889 457 3940 et
475 3901 543 3956 quoe
561 3885 598 3940 nd
615 3887 768 3956 scripturae
787 3901 950 3956 germanum
962 3901 1071 3940 sensum
1085 3885 1206 3953 attinent,
1226 3902 1321 3953 suppe-

90 3975 205 4028 ditanda.
224 3975 294 4042 Quin
312 3975 393 4029 etium
412 3977 437 4030 et
455 3974 536 4030 liuius
554 3975 716 4030 auctmitute
734 3975 762 4029 ot
780 3973 922 4044 scripturis
943 3989 1026 4030 suum
1051 3974 1137 4030 robam
1159 3975 1278 4042 occessit,
1298 3979 1320 4030 si

90 4065 237 4130 trtgostioo
255 4064 399 4118 credimus.
418 4065 473 4118 Non
491 4079 546 4133 quo
566 4067 630 4118 boec
649 4079 689 4128 eo,
708 4079 777 4132 quae
796 4079 930 4133 nunquam
952 4079 1015 4117 vero
1038 4067 1109 4118 luere
1129 4079 1244 4118 consona
1268 4067 1321 4118 elil·

89 4155 146 4216 ciet,
165 4161 195 4206 ut
214 4167 294 4219 porro
313 4153 437 4220 incipiant
455 4168 513 4207 esse
533 4169 609 4207 uera:
628 4154 845 4222 quandoquidem
865 4169 943 4206 omno
960 4169 1053 4207 rerum
1073 4169 1087 4206 a
1109 4155 1171 4218 Deo,
1190 4160 1215 4206 et
1234 4155 1321 4208 omnis

90 4243 218 4308 scriptura
239 4241 364 4296 ultianus
383 4243 507 4309 inspirato
527 4243 714 4309 perspiritum
744 4251 863 4296 salictum
889 4241 1043 4295 mortalibus
1066 4243 1182 4308 erintigit,
1201 4245 1246 4295 sed
1266 4257 1321 4311 quo

90 4331 203 4384 declaret
222 4329 278 4383 suis
297 4331 362 4397 illlis,
381 4345 448 4399 quas
460 4332 581 4397 amplecti
595 4331 708 4385 debeant
720 4333 862 4395 doctrinas,
875 4345 976 4399 quasue
996 4333 1086 4396 uitare,
1100 4333 1172 4398 quod
1187 4333 1218 4384 sit
1232 4333 1321 4386 Ecutt-

89 4419 175 4488 geliou
196 4417 335 4484 liodberti,
353 4421 426 4487 quod
445 4420 590 4474 Nicodeml.
609 4421 634 4472 ld
654 4421 726 4488 (quod
746 4429 820 4473 autea
841 4420 940 4486 paucis,
958 4421 1003 4472 sed
1026 4426 1111 4472 tumen
1131 4419 1321 4473 sufficientibus

89 4509 193 4574 egimus
212 4507 304 4574 (supro
324 4521 347 4562 c.
368 4507 392 4561 i.
412 4509 456 4576 tl).
