3378 5082
358 327 399 374 na
422 325 536 378 innota
558 327 710 378 numanis
732 327 989 378 consumamus.
1267 315 1286 380 ii

87 450 158 512 reiut
175 467 280 530 organa
303 449 425 514 locutus
456 451 496 514 sit
527 451 654 531 spiritus
682 457 819 514 sancius‘
841 452 1038 532 expositurus
1063 452 1170 516 decem
1192 452 1289 516 lontes

85 573 133 620 ceu
152 565 246 636 partes
267 559 426 621 doctrinae
448 558 634 622 christianae
656 566 833 632 recenset»,
855 576 932 639 quas
953 558 1058 622 lectori
1083 560 1229 623 benevolo
1251 575 1288 624 ex

87 665 141 743 ipso
160 682 248 744 opere
270 683 321 746 pp.
343 663 479 746 (md)
500 665 727 744 cognoscendas
748 666 958 745 relinquimus.

155 771 236 834 ·Sed
258 787 354 852 quum
372 772 400 833 in
418 773 499 836 unta
515 771 723 835 doctrinarum
739 773 828 852 copia
844 788 902 834 uon
917 771 1024 836 abesse
1039 781 1142 852 posset
1161 773 1288 836 multum

85 879 109 939 in
126 879 257 954 eligendo
278 878 419 950 dubium,
442 879 517 959 ipse,
538 880 612 960 quid
636 896 740 942 verum
763 887 792 940 et
812 895 828 942 a
851 879 960 959 spiritu
992 888 1098 943 sancto
1120 879 1288 959 proiectum

83 986 122 1056 sit,
141 987 249 1049 indicio
273 986 429 1049 Ecclesiae
451 985 698 1064 distinguendum
727 1003 793 1048 esse
815 985 920 1058 docet;
942 988 980 1050 de
1008 1003 1043 1050 ea
1073 1003 1105 1049 re
1127 989 1206 1064 euim
1229 1004 1291 1068 ‚su-

83 1109 205 1172 premum
227 1100 321 1174 atque
337 1094 541 1156 certissimum
564 1092 711 1156 iudicium
727 1109 821 1172 pcues
836 1109 926 1155 unam
942 1093 1099 1173 solamque
1120 1094 1289 1157 Ecclesiam

83 1199 126 1260 Dei
146 1198 368 1262 catholicam...‘
404 1215 473 1262 esse
494 1199 587 1262 iubet.
609 1199 677 1262 Alio
699 1199 823 1280 nitidem
856 1201 922 1262 loco
943 1201 1110 1263 canonicae
1132 1202 1290 1282 utriusque

82 1308 235 1370 testamenti
269 1308 443 1385 scripturae
475 1305 602 1369 eandem
629 1307 840 1369 auctoritatem
874 1308 1007 1370 tribuere
1040 1307 1169 1380 ridetur,
1191 1314 1223 1370 ut
1252 1306 1290 1370 ad

79 1428 138 1474 eam
158 1415 228 1486 ‚alia
250 1413 373 1485 discuti,
391 1413 560 1476 examinari
583 1421 614 1474 et
631 1415 749 1476 censeri
765 1414 895 1476 debeant
917 1415 1027 1486 omnia,
1049 1422 1141 1495 atque
1166 1422 1291 1477 eatenus

81 1536 129 1598 pro
150 1521 226 1582 reris
248 1519 454 1599 acceptanda,
475 1529 627 1599 quatenus
649 1521 675 1582 ei
698 1537 757 1582 non
780 1523 977 1600 mirarentur,
992 1528 1118 1584 eatenus
1139 1537 1195 1599 pro
1211 1520 1292 1584 laisis

79 1625 249 1700 abiicienda,
272 1634 424 1706 quintenns
448 1626 547 1688 eidem
569 1627 811 1703 contradicant‘3
845 1627 899 1689 sed
922 1635 1028 1708 aperte
1048 1628 1137 1690 simul
1153 1627 1292 1703 aiiirmat,

80 1747 140 1792 eam
159 1733 328 1810 ‚Ecclesiae
350 1732 465 1795 indicio
488 1732 656 1795 subiectam
679 1735 774 1810 esse‘,
795 1751 875 1814 quac
903 1743 932 1796 et
965 1735 1143 1813 scripturam
1172 1748 1292 1796 sacram

78 1854 139 1900 csse
158 1841 219 1902 sola
242 1838 380 1902 declaret
401 1849 431 1902 et
452 1841 584 1920 ‚optime
598 1856 666 1902 eam
690 1841 882 1921 interpretari
905 1838 1024 1920 possit‘.
1045 1840 1110 1914 Quo
1132 1841 1174 1916 lll,
1190 1849 1222 1903 ut
1236 1841 1294 1904 Ec·

78 1945 181 2008 clesiae
201 1945 258 2009 soii
281 1946 405 2008 demum
430 1947 477 2009 ius
498 1947 668 2009 doctrinam
684 1947 887 2009 constituendi
903 1955 1066 2025 competat,
1084 1947 1198 2028 quippe
1213 1963 1294 2028 quiae
1328 2017 1331 2026 ,

78 2052 186 2126 ,omnia
207 2053 360 2116 credenda
380 2056 556 2132 proponat‘.
579 2054 661 2116 llaec
682 2062 783 2116 autem
812 2054 963 2117 catholica
985 2053 1121 2116 Ecclesia
1153 2055 1193 2116 ita
1222 2071 1292 2116 cum

79 2157 185 2236 Papatu
206 2175 343 2222 connexa
368 2160 498 2233 sistitur,
520 2167 553 2221 nt
574 2161 640 2238 ,qui
661 2161 783 2240 Papam,
805 2160 915 2222 Christi
938 2161 1104 2236 Vicarium,
1126 2161 1203 2224 Petri
1225 2177 1295 2222 snc-

77 2281 221 2328 cessnrem
244 2275 275 2329 et
297 2265 478 2329 universalis
501 2255 656 2330 Ecclesiae
678 2276 830 2347 pastorem
855 2285 913 2330 non
929 2275 1072 2347 agnoscat
1093 2267 1222 2340 Patrem,
1237 2283 1294 2330 nec

78 2371 250 2450 Ecclesiam,
271 2373 381 2436 Christi
403 2391 557 2452 sponsam,
579 2374 692 2437 habere
716 2375 813 2453 possit
834 2373 982 2436 hlatrem‘.

157 2481 265 2555 «Quae
288 2497 358 2544 cum
382 2483 422 2543 ita
446 2481 516 2557 sint,
531 2489 669 2561 apparet,
690 2489 844 2544 auctorem
867 2482 904 2544 ad
928 2490 1022 2544 toturn
1046 2481 1294 2544 Ecclesiasticum

75 2597 202 2666 systema
224 2588 451 2651 delendendurn
466 2595 607 2668 paratum
623 2588 715 2650 hrisse
729 2613 757 2650 ι.
780 2589 811 2650 ln
834 2605 902 2651 eum
926 2589 1014 2651 llncm
1042 2605 1106 2651 «en
1121 2605 1208 2650 sacra
1224 2589 1297 2652 scri-

78 2702 172 2770 ptura,
193 2711 285 2774 ciram
309 2695 431 2774 penitus
455 2697 607 2772 cognovit,
631 2696 745 2775 ubique
760 2695 845 2757 locos
866 2695 1030 2774 probantes
1044 2701 1074 2755 et
1095 2695 1240 2758 iornntlas
1254 2695 1296 2758 di·

76 2799 160 2862 ccutli
183 2803 211 2862 in
234 2809 379 2880 promptu
401 2801 523 2877 habuit;
545 2801 597 2864 scd
620 2818 715 2882 qurum
738 2817 804 2863 eam
827 2801 936 2881 spiritu
952 2802 1153 2865 catholizante
1174 2817 1296 2880 serrtper

77 2905 203 2984 legisset,
226 2925 261 2970 ea
285 2907 380 2970 iidem
398 2909 613 2971 Ecclesiastico
628 2910 784 2988 systemati
800 2908 934 2971 habitam
951 2925 1009 2970 nou
1032 2909 1203 2985 intringere,
1222 2910 1296 2988 quin

78 3015 187 3094 ubique
208 3015 346 3078 stabilire
368 3015 430 3076 risa
453 3024 540 3078 est».

154 3122 222 3184 Post
244 3129 325 3184 tanta
349 3121 379 3183 in
401 3130 557 3184 auctorem
580 3124 708 3201 eiusque
724 3122 952 3200 argumentandi
976 3130 1005 3184 et
1020 3123 1221 3186 ratiocinandi
1237 3138 1297 3185 mo·

78 3227 144 3290 dum
167 3231 246 3290 iacta
269 3226 394 3308 eloquia
417 3229 527 3291 mirum
549 3245 622 3292 saue
650 3236 705 3304 est,
727 3229 808 3308 quoti
832 3230 973 3292 laudatus
996 3230 1041 3291 rir
1063 3230 1110 3291 [ir.
1133 3229 1298 3306 Enpeistoit

78 3333 215 3398 dubitare.
236 3337 342 3416 possit,
370 3353 436 3398 «an
459 3337 524 3414 ipse
546 3336 679 3416 (auctor)
694 3337 782 3416 plena
805 3345 835 3398 et
858 3337 924 3397 riva
948 3337 1007 3397 lide
1027 3335 1055 3396 id
1078 3337 1237 3399 doctrinae
1251 3353 1298 3416 sy·

78 3448 166 3503 steina
189 3441 353 3518 amplexus
373 3443 421 3515 sit,
437 3443 520 3523 quod
542 3459 630 3505 strum
654 3460 719 3505 esse
741 3443 896 3524 protessus
916 3451 962 3504 est
976 3468 1004 3505 ι.
1026 3443 1064 3504 Ει
1085 3443 1169 3505 dubii
1192 3443 1238 3505 sui
1254 3459 1299 3505 ra·

79 3549 184 3611 tionem
209 3549 288 3611 banc
309 3550 411 3612 alleri:
449 3549 674 3620 «Probaturus,
699 3551 772 3631 quid
802 3551 841 3611 sit
871 3549 1078 3626 Evangelium,
1101 3559 1167 3628 post
1194 3550 1299 3628 longas

79 3655 219 3733 ambages
240 3656 279 3719 dc
301 3656 367 3734 lege
389 3657 516 3736 spiritus
549 3673 607 3718 non
629 3659 755 3736 scripta,
785 3659 837 3719 sed
861 3657 956 3720 inlusa
979 3675 1034 3736 per
1062 3658 1202 3737 spiritum
1234 3673 1300 3720 san·

79 3767 166 3836 etum,
195 3763 307 3825 desinit
344 3764 373 3824 in
405 3779 472 3826 earn
504 3764 720 3837 delinitionem,
752 3764 949 3842 Evangelium
980 3779 1047 3826 esse
1068 3767 1212 3843 ,gratiam
1244 3781 1298 3826 seu

80 3869 256 3933 charitatem
279 3870 412 3950 spiritns
432 3871 528 3933 sancti
553 3872 752 3934 viriilcantem
782 3871 913 3933 animam
947 3888 1002 3951 per
1024 3872 1088 3934 lesu
1111 3871 1221 3932 Christi
1244 3872 1301 3934 rir-

79 3981 168 4038 tutem
191 3983 222 4038 et
243 3977 405 4040 meritum‘
425 4009 466 4024 —
488 3978 622 4058 neglecta
645 3979 737 4058 igitur
758 3977 827 4050 lide,
848 3994 940 4058 utram
969 3978 1041 4040 aiibi
1072 3979 1101 4040 in
1126 3995 1220 4058 opere
1244 3995 1300 4042 suo

80 4082 115 4144 ita
135 4083 176 4145 ab
198 4099 304 4146 amore
326 4083 477 4160 distinxit,
500 4093 533 4148 ut
554 4101 620 4148 eam
642 4086 807 4165 perlectam
836 4102 903 4147 essa
931 4102 1020 4164 posse
1040 4087 1105 4149 sine
1137 4103 1241 4150 amore
1262 4086 1301 4149 ai·

81 4189 181 4254 lrnret.
205 4189 301 4252 Porro
327 4190 418 4254 fldem
442 4209 500 4254 non
523 4194 652 4255 nuntiari
678 4193 738 4255 ruit
755 4194 783 4254 in
805 4193 942 4256 Ecclesia
965 4193 1070 4266 reteri,
1092 4193 1208 4255 tlrtdum
1229 4209 1301 4254 ccu-

79 4295 153 4368 dita;
176 4297 232 4358 sed
255 4298 376 4359 amoris
398 4299 594 4378 praeconium
617 4299 711 4362 multo
732 4301 829 4376 magis
849 4301 1054 4363 necessarium
1077 4317 1143 4362 esse
1164 4299 1239 4362 dicit
1253 4323 1280 4362 ι.

154 4403 400 4482 Respondemus,
422 4421 540 4468 errasse
561 4407 764 4469 clarissimum
788 4407 948 4470 Ductorem
980 4405 1232 4480 dicendumar
1262 4405 1302 4470 ab

80 4519 202 4574 auctore
223 4527 291 4573 osae
313 4511 495 4589 neglectam.
517 4511 709 4577 Contrarium
731 4531 858 4594 prorsus
872 4513 972 4576 elucet
987 4529 1025 4576 ex
1047 4519 1109 4575 tolo
1124 4528 1228 4593 opere,
1243 4529 1302 4577 nia·
