3364 5092
350 253 411 321 136
660 274 857 324 consumto
880 277 1112 325 turflunnntsltt
1136 277 1254 326 cantat.

345 397 470 464 minem.
494 399 563 482 Quo
586 398 713 478 lactum,
738 408 775 466 ut
797 400 838 467 ab
869 400 957 467 initio
988 401 1144 470 nascentis
1169 403 1321 470 Ecclesiae
1351 404 1462 470 nullus
1486 404 1596 470 Chri·

346 505 519 572 stianorum
539 505 569 571 in
594 505 849 574 absurdissimam
878 508 1022 576 haeresin
1046 510 1137 576 istam
1154 510 1261 595 lapsus
1276 527 1344 578 esse
1360 512 1595 596 comperiatur

346 608 437 694 (101)
461 621 585 698 praeter
610 613 769 681 Viclerum
795 615 825 680 in
842 615 959 700 anglia,
983 616 1118 683 llussum
1135 617 1167 684 iu
1184 617 1331 684 Bohemia
1346 625 1377 684 et
1398 619 1591 685 Lutherum

344 737 429 786 nunc
452 719 578 787 demum
601 721 632 786 in
657 721 803 799 saxonia,
828 721 922 808 idque
944 723 1098 790 extremis
1117 723 1167 790 his
1189 724 1255 791 lere
1277 724 1398 804 diebus,
1422 731 1460 791 ut
1485 725 1592 792 iutel-

346 827 447 913 ligatis
470 827 547 894 nilril
571 828 698 913 quidem
723 847 778 894 ros
800 828 928 908 habere,
952 828 1036 915 quod
1060 831 1177 898 inventi
1201 831 1339 898 uariata
1362 833 1560 917 gloriemini.

435 934 531 1001 Porro
552 934 693 1002 diximus
717 935 797 1002 lianc
820 934 859 1001 de
891 935 1087 1020 providentia
1116 937 1223 1004 divina
1248 945 1280 1005 et
1311 938 1410 1005 libero
1440 939 1590 1006 arbitrio

344 1039 585 1125 disputationem
609 1059 677 1108 esse
701 1047 768 1108 tum
791 1041 985 1121 dillicultate,
1019 1050 1086 1109 tum
1111 1043 1292 1112 discrimine
1322 1046 1456 1130 plenam,
1490 1045 1589 1131 quod

345 1145 513 1214 difficulter
536 1147 708 1234 inquiritur
732 1157 764 1214 et
779 1148 954 1234 periculose
976 1149 1154 1216 aberratur.
1179 1151 1333 1235 Quocirca
1348 1151 1447 1218 satius
1466 1151 1587 1230 luerit,

348 1253 568 1321 uenerabunde
590 1254 737 1322 admirari
763 1255 823 1321 hoc
847 1255 899 1322 Dei
924 1273 1087 1336 arcanum,
1111 1275 1205 1342 quam
1230 1258 1354 1325 curiose
1379 1258 1586 1343 perscrutari

177 1371 327 1428 aon-tta.
346 1369 378 1426 et
400 1379 473 1428 cum
497 1361 642 1445 apostolo
665 1361 860 1428 exclamare:
888 1361 1078 1429 Oaltitada
1101 1363 1314 1442 divitiarum,
1336 1365 1524 1450 sapientiae
1551 1375 1588 1432 et

346 1468 502 1534 scientiae
535 1468 604 1546 liei,
627 1488 729 1556 qaam
754 1466 1097 1554 incomprehensibilia
1119 1478 1198 1536 auat
1221 1470 1351 1538 iudicia
1378 1471 1474 1536 ciac!
1506 1473 1587 1556 Quo

349 1578 416 1644 loco
439 1575 548 1643 scribit
571 1575 731 1660 Origenes,
767 1594 829 1641 non
866 1576 957 1643 modo
991 1576 1114 1643 nullum
1148 1577 1306 1644 hominem
1330 1577 1489 1658 sufficere,
1522 1577 1586 1645 sed

348 1684 441 1752 etiam
465 1683 583 1749 nullam
608 1682 735 1749 omnino
765 1688 956 1762 creaturam,
987 1681 1026 1748 ad
1058 1683 1334 1768 perscrutandum,
1357 1703 1421 1771 qua
1452 1685 1584 1752 ratione
1680 1685 1681 1704 ¹

350 1791 433 1858 Deus
456 1807 579 1856 omnem
605 1799 749 1856 naturam
767 1790 962 1869 rationalem,
979 1798 1103 1857 servata
1125 1790 1297 1877 unicuique
1314 1791 1431 1877 proprii
1449 1791 1584 1858 arbitrii

350 1897 502 1974 libertate,
526 1895 691 1981 dispenset.
711 1896 916 1981 llieronymus
940 1915 1015 1964 vera
1038 1897 1173 1983 quodam
1198 1898 1228 1964 in
1248 1898 1315 1965 looo
1337 1898 1421 1977 dicit,
1445 1901 1584 1984 Aposto-

350 2005 414 2070 lum
441 2003 630 2089 implicuisse
654 2003 753 2089 magis
776 2021 870 2088 quam
899 2004 1027 2071 solvisse
1059 2003 1284 2090 quaestionem.
1310 2005 1417 2090 ltaque
1441 2005 1491 2071 vel
1525 2006 1580 2072 laic

177 2119 329 2173 territt·
349 2109 492 2197 inprimis
514 2127 639 2177 neccsse
663 2119 720 2189 est,
745 2110 835 2177 iuxta
857 2111 1021 2178 consiliam
1040 2111 1248 2197 lposmlicum
1273 2113 1431 2197 captivum
1455 2111 1580 2178 ducere
1680 2120 1681 2137 ³

349 2216 540 2284 intellectum
564 2217 602 2283 ad
626 2217 812 2303 obsequium
846 2217 961 2284 Clrristi
996 2224 1027 2284 et
1051 2218 1198 2304 cogitare,
1233 2236 1296 2284 non
1329 2218 1376 2284 ias
1398 2235 1468 2285 esse
1492 2219 1578 2285 scire

209 2333 310 2378 flandr·
348 2326 461 2405 omnia,
485 2333 515 2392 et
540 2331 575 2391 ut
597 2325 639 2390 ait
656 2324 723 2391 ille:
748 2325 844 2391 llultn
866 2324 914 2391 dei
939 2326 1040 2391 celant
1065 2325 1217 2404 homiues
1241 2343 1303 2392 non
1331 2325 1436 2392 omnia
1458 2343 1578 2392 servus

178 2387 328 2494 Paffflt'·
347 2433 453 2499 clausa
477 2431 559 2498 videt
582 2431 708 2498 damini.
734 2431 822 2498 Nam
845 2431 905 2519 qai
926 2439 1096 2498 scrutator
1119 2439 1165 2498 eat
1188 2431 1382 2510 Maiestatis,
1406 2431 1511 2517 inquit
1526 2449 1579 2498 sa-

347 2540 445 2625 piens,
470 2539 675 2625 opprimetur
691 2559 713 2605 a
727 2538 847 2625 gloria.
865 2539 971 2606 Nonne
988 2539 1084 2624 igitur
1100 2546 1130 2606 et
1148 2539 1179 2605 hi
1196 2538 1260 2604 duo
1275 2537 1399 2605 articuli
1421 2537 1460 2604 de
1483 2537 1577 2604 abso-

348 2646 413 2712 luta
438 2663 545 2712 rerum
568 2647 708 2712 omnium
738 2647 920 2713 necessitate
949 2654 1058 2712 contra
1083 2645 1217 2712 liberum
1241 2644 1376 2712 hominis
1403 2643 1575 2710 arbitrium

347 2759 495 2838 anquam
522 2752 569 2819 rel
593 2752 834 2820 absurdissimae
859 2753 1005 2818 haereses
1029 2751 1200 2819 iustissime
1218 2751 1306 2818 robis
1328 2751 1440 2818 obiecti
1458 2749 1578 2817 lueret

751 2966 954 3034 anniculus
977 2965 1165 3032 stellatus.

193 3187 325 3288 2331*ng
439 3181 565 3266 impiam
590 3200 657 3248 esse
681 3188 860 3248 sanctorum
878 3179 1117 3258 invocationem,
1141 3178 1241 3244 multo
1257 3195 1332 3245 vero
1357 3176 1454 3262 magis
1479 3195 1574 3244 rene·
1680 3254 1681 3264 ἵ

179 3300 331 3405 ffiffl
349 3289 500 3354 rationem
526 3288 731 3374 reliquiarum
755 3295 787 3354 et
811 3287 980 3372 imaginum
999 3289 1020 3351 ¹.
1044 3293 1046 3296 ’

192 3403 315 3460 imaginum.

874 3499 1048 3588 Responsio.

438 3717 516 3784 llaec
539 3717 634 3783 verua
658 3717 740 3784 clare
757 3717 894 3784 indicant
917 3735 1011 3802 grave
1027 3715 1133 3782 odium
1153 3715 1245 3782 vestri
1262 3713 1355 3780 animi
1380 3718 1490 3780 contra
1506 3728 1573 3778 nos.

349 3824 413 3890 Non
440 3825 520 3890 imas
544 3823 672 3904 inlicias,
698 3825 850 3891 lracteuus
873 3841 941 3890 esse
964 3841 982 3889 a
1005 3823 1095 3889 nobis
1119 3821 1331 3908 praedicatum
1356 3817 1501 3886 divorum
1527 3818 1575 3884 in·
1680 3831 1681 3862 ³

421 4131 488 4184 ²lle
515 4132 683 4185 veneratione
711 4133 873 4196 Sanctorum,
899 4129 1069 4197 reliquiarum
1094 4137 1118 4182 et
1144 4128 1290 4194 imaginum
1316 4121 1493 4180 Enaltt'ridt'oa
1520 4125 1575 4190 agit

349 4237 372 4275 c.
388 4221 438 4286 tt,
455 4221 496 4272 rui
516 4221 617 4274 titulus:
641 4220 794 4273 «utrorum
814 4233 925 4284 corpore
943 4223 1081 4272 cautorum
1102 4217 1252 4270 intercessio
1272 4228 1320 4281 pro
1337 4213 1414 4268 nobis
1432 4213 1504 4278 apud
1525 4214 1576 4266 ele-

351 4311 540 4364 mentissimum
562 4311 643 4363 Deum
663 4309 810 4362 necessario
823 4308 954 4361 credenda
967 4315 1032 4360 esta
1053 4305 1174 4360 lidelibus
1187 4326 1212 4358 ι.
1231 4307 1261 4358 Εῑ
1279 4319 1301 4357 c.
1323 4304 1370 4357 ta:
1392 4323 1406 4350 a
1420 4301 1508 4355 Sancti
1521 4317 1575 4355 non

350 4401 446 4462 latriae,
465 4399 511 4452 sed
531 4399 618 4452 duliae
636 4401 706 4452 cultu
727 4399 774 4450 coli
794 4405 912 4464 possunt,
931 4397 1042 4462 proinde
1061 4403 1172 4462 possunt
1196 4401 1221 4448 et
1239 4393 1274 4448 ad
1300 4395 1394 4446 horum
1419 4391 1574 4446 memoriam
1680 4389 1681 4482 l

350 4490 478 4555 imagines
496 4503 527 4541 ac
546 4489 663 4554 picturae
682 4489 744 4540 citra
763 4501 869 4540 omnem
890 4487 1060 4541 idololatriam
1079 4485 1144 4552 erigi
1158 4505 1183 4536 υ.

1678 4777 1681 4864 1
