3390 5096
373 311 435 375 l7t
685 327 881 378 conrnrnrro
904 329 1136 378 cnrnnnnmsm
1159 329 1275 378 onurcr.

369 459 401 519 et
424 451 542 518 hostias
565 451 769 537 spirituales?
791 452 944 536 Quocirca
967 471 1040 520 cum
1064 453 1234 521 sacerdotis
1256 453 1395 520 officium
1420 454 1461 520 sit
1484 453 1612 520 offerre

370 558 498 637 hostias,
522 556 671 624 nimirum
707 558 745 624 ad
783 557 861 624 Petri
900 565 1046 638 mentem,
1070 567 1106 625 ut
1136 558 1237 626 tidelis
1260 560 1396 645 quisque
1430 568 1478 626 est
1511 559 1612 644 spiri·

226 679 246 724 r.
260 680 310 726 ce.
324 681 345 726 a.
370 663 454 728 tnale
477 661 630 747 templum
652 661 781 741 domini,
797 661 1061 748 quemadmodum
1084 671 1116 730 et
1141 663 1254 730 Paulus
1276 665 1337 742 ait;
1363 663 1405 730 ita
1423 661 1521 748 (139)
1545 666 1613 749 spi-

369 768 492 835 ritualis
514 785 642 854 qnoque
665 775 712 834 cst
735 766 891 846 sacerdos,
915 768 979 834 Deo
1002 768 1196 854 spiritualem
1221 769 1355 836 hostiam
1384 769 1503 856 ingiter
1529 771 1611 837 olie-

369 893 452 956 rens,
477 891 589 959 nempe
613 891 673 940 non
700 873 850 958 pecudem
875 873 1019 953 alienam,
1045 880 1081 942 ut
1102 874 1175 941 olim
1208 875 1321 942 ludaici
1354 877 1551 954 sacerdotes,
1577 885 1611 942 at

368 982 531 1066 proprium
556 997 673 1065 corpus
696 980 727 1046 in
751 980 970 1047 holocaustum
994 981 1169 1048 suavissimi
1192 980 1298 1048 odoris
1312 981 1440 1048 domino
1456 981 1610 1067 quotidie
1687 1009 1688 1032 κ

369 1095 518 1154 mactans.
541 1123 584 1135 -
613 1086 655 1152 hd
687 1101 844 1152 summam
873 1085 979 1170 igitur,
1011 1086 1275 1171 quemadmodum
1304 1089 1334 1153 in
1367 1088 1468 1156 sacris
1501 1089 1610 1154 literis
1687 1127 1688 1174 3

368 1193 482 1278 passim
506 1192 642 1259 dicimur
666 1209 750 1259 nunc
775 1192 899 1270 milites,
923 1209 1008 1259 nunc
1030 1193 1195 1278 agricolae,
1218 1211 1303 1260 nrunc
1327 1194 1490 1272 vinitores,
1516 1212 1608 1262 ncrnc

368 1300 472 1377 villici,
497 1317 581 1366 nunc
604 1299 846 1383 dispensatores,
870 1316 954 1365 nunc
978 1299 1125 1383 operarii,
1149 1317 1234 1366 nunc
1259 1301 1444 1367 mercenarii
1462 1301 1608 1386 aliisque

367 1405 546 1473 huiusmodi
572 1405 751 1472 nominihus
776 1404 943 1471 tranlatitie
965 1405 1067 1482 dictis,
1091 1406 1134 1472 ita
1156 1423 1284 1491 qnoque
1309 1407 1339 1472 in
1364 1407 1440 1474 locis
1460 1407 1607 1493 scriptu-

367 1531 421 1580 rae
444 1513 587 1580 adductis
611 1529 700 1596 reges
723 1530 758 1577 ac
782 1511 959 1578 sacerdotes
982 1511 1189 1598 appellamur,
1206 1513 1355 1580 nimirum
1376 1532 1438 1580 non
1458 1515 1607 1599 proprie,

280 1625 283 1632 ’
367 1627 399 1684 at
424 1619 619 1697 translatitie,
644 1636 705 1684 non
731 1617 861 1684 materia
886 1618 941 1695 rei,
964 1625 997 1683 at
1031 1617 1245 1697 similitudine,
1270 1619 1315 1685 uti
1352 1618 1444 1685 modo
1476 1620 1605 1686 dictum

368 1732 425 1792 est.
451 1727 510 1790 hut
533 1733 618 1792 certe
643 1734 707 1791 tota
731 1723 815 1789 natio
838 1723 1014 1790 Christiana
1031 1724 1134 1809 regale
1150 1724 1360 1792 sacerdotium
1378 1725 1444 1792 sive
1461 1743 1605 1812 regnum

367 1831 558 1898 sacerdotale
581 1831 707 1928 dicitur,
731 1830 816 1916 quod
839 1831 1001 1897 dominnm
1032 1838 1063 1897 et
1093 1837 1255 1898 auctorem
1288 1839 1413 1898 nostrae
1438 1832 1607 1918 religionis

368 1938 520 2004 hahemus
546 1956 649 2023 regem
674 1947 705 2004 et
728 1937 919 2004 sacerdotem
946 1937 1045 2003 lesum
1070 1936 1243 2015 Christum,
1260 1937 1310 2004 cni
1329 1947 1479 2025 tanquam
1504 1937 1605 2024 capiti

368 2045 510 2112 membra
533 2043 690 2110 coniuncti
715 2050 746 2109 et
770 2043 849 2109 uniti
873 2059 985 2109 sumus
1007 2059 1126 2121 omnes
1149 2051 1244 2128 atque
1269 2043 1366 2110 hrrins
1382 2045 1510 2112 unionis
1527 2063 1606 2130 gra·

366 2151 410 2217 tia
433 2169 494 2217 riou
518 2151 631 2235 singuli
656 2149 795 2235 quidem,
818 2157 851 2214 at
873 2149 1011 2214 universi
1029 2165 1178 2215 vocamur
1195 2149 1299 2234 regale
1314 2149 1528 2216 sacerdotium
1546 2157 1605 2216 aut

366 2257 556 2324 sacerdotale
581 2274 724 2341 regnum,
741 2274 805 2341 quo
822 2255 965 2340 lnqnendi
990 2272 1104 2340 genere
1127 2263 1183 2322 aut
1198 2256 1354 2322 civitatem
1371 2265 1426 2322 aut
1443 2257 1603 2342 populum

367 2363 516 2449 Episcopo
540 2363 715 2430 subiectum
741 2363 835 2447 vulgo
858 2361 1079 2428 sacerdotalem
1111 2361 1269 2447 appellare
1300 2363 1448 2441 solemus
1474 2362 1603 2430 tametsi

367 2488 428 2536 non
452 2488 560 2536 ornnes
584 2470 614 2535 in
639 2487 676 2536 eo
699 2469 760 2535 sint
778 2487 888 2535 revera
904 2467 1088 2535 sacerdotes.
1106 2469 1168 2535 lloc
1182 2477 1289 2536 autmn
1306 2469 1493 2536 Christianis
1513 2487 1602 2536 nnnc
1687 2513 1688 2564 4

367 2577 556 2654 exhibitum,
574 2576 692 2643 ludaeis
707 2577 780 2642 olim
797 2575 987 2660 promissum
1004 2573 1074 2653 fnit,
1092 2574 1221 2659 proinde
1240 2575 1279 2641 ad
1296 2585 1450 2662 utrosque
1465 2576 1600 2643 dictum.

458 2683 616 2748 Postremo
640 2683 669 2748 in
694 2682 963 2748 confirmationem
987 2688 1058 2764 post
1081 2681 1256 2765 scripturas
1281 2679 1456 2748 istiusmodi
1475 2684 1603 2748 ratinn-

367 2789 469 2856 culam
494 2788 657 2865 sullicitis,
682 2804 793 2872 nempe
816 2787 976 2853 Christum
1000 2803 1068 2852 eam
1092 2785 1133 2852 oh
1156 2804 1281 2854 causam
1308 2788 1429 2854 venisse
1453 2789 1485 2854 in
1505 2806 1601 2855 mun·

366 2895 441 2962 dnm
466 2903 497 2960 et
521 2895 679 2962 hominem
704 2894 819 2961 lactum
844 2911 922 2970 esse,
947 2901 982 2958 ut
1004 2891 1089 2978 quod
1113 2898 1205 2972 esset,
1229 2913 1286 2960 nos
1308 2893 1459 2972 ediceret,
1484 2913 1601 2980 nempe

368 3019 459 3086 reges
482 3008 513 3068 el
536 3001 723 3068 sacerdotes.
740 2999 825 3065 -Ο
849 3000 1042 3085 praeclaram
1067 3000 1231 3081 rationem,
1248 3001 1343 3067 tantis
1358 3002 1479 3069 scilicet
1495 3004 1600 3069 Theo

368 3109 445 3194 logis
468 3107 613 3192 dignam!
640 3107 718 3174 Num
744 3124 852 3172 omnes
879 3123 955 3191 ergo
978 3122 1091 3172 sumus
1122 3105 1202 3172 inter
1237 3107 1334 3173 Derim
1370 3116 1401 3173 et
1437 3108 1599 3175 hominem

368 3215 579 3281 mediatores?
611 3231 685 3280 num
722 3213 851 3279 humani
883 3213 1007 3296 generis
1035 3211 1272 3297 redemptores?
1306 3231 1382 3280 num
1415 3224 1600 3282 servatores

368 3321 556 3388 hominnmt
580 3336 655 3385 num
687 3317 839 3386 Ecclesiae
869 3318 995 3403 capital
1026 3335 1102 3384 num
1128 3319 1324 3404 primogeniti
1362 3320 1392 3385 in
1417 3320 1600 3388 iratribus?

367 3446 442 3494 num
470 3425 618 3511 unigeniti
644 3425 697 3491 lilii
723 3424 801 3492 Deil
824 3440 901 3490 num
924 3423 1061 3509 deniqne
1083 3423 1125 3490 dii
1150 3424 1267 3491 etiamt
1291 3425 1386 3512 idque
1410 3445 1473 3492 non
1499 3427 1599 3512 parti-

367 3535 520 3621 cipatione
546 3533 648 3611 modo,
673 3549 782 3598 rernm
807 3531 899 3598 etiam
925 3537 1061 3597 natural
1085 3533 1120 3598 tt
1137 3531 1213 3598 haec
1230 3532 1334 3599 omnia
1349 3533 1497 3602 Christus
1517 3543 1596 3602 erat.

368 3643 406 3709 Ut
429 3659 505 3726 ergo
528 3640 558 3704 in
583 3639 707 3716 ceteris,
731 3637 774 3703 ita
796 3654 923 3722 quoque
948 3637 978 3702 in
1003 3654 1100 3722 regno
1123 3645 1154 3704 et
1178 3638 1352 3704 sacerdotio
1368 3638 1516 3708 Christus
1541 3657 1599 3708 nos
1687 3713 1688 3718 ,

367 3749 449 3828 lecit,
474 3745 558 3834 qnod
590 3746 655 3831 ipse
687 3750 765 3823 erat,
798 3759 909 3826 nempe
931 3739 1021 3828 (tto)
1045 3761 1106 3809 non
1138 3744 1283 3823 essentia,
1315 3745 1368 3811 sed
1405 3747 1596 3832 participatu
1687 3825 1688 3846 χ

367 3857 480 3935 solum,
506 3855 599 3940 idque
622 3851 737 3937 duplici
762 3867 868 3928 sensu,
893 3849 940 3914 vel
965 3849 1048 3936 qnod
1074 3851 1212 3917 universi
1249 3868 1307 3918 cen
1332 3852 1477 3920 membra
1500 3861 1597 3940 capul
1687 3849 1688 3858 ³

368 3962 522 4030 hahemus
546 3961 645 4026 lesum
671 3955 831 4024 Christum
857 3962 888 4021 et
912 3972 1016 4038 regem
1049 3962 1080 4021 el
1112 3955 1316 4035 sacerdotem,
1343 3959 1392 4024 rel
1422 3960 1507 4044 qnod
1532 3961 1597 4026 sin·

366 4070 457 4156 gulos
480 4068 581 4136 ellecit
604 4062 783 4151 spirituales
805 4059 957 4147 quosdam
981 4068 1012 4127 et
1037 4079 1126 4146 reges
1149 4070 1180 4128 et
1203 4063 1391 4144 sacerdotes
1409 4083 1522 4151 nempe
1540 4084 1597 4150 per

366 4178 498 4263 gratiam
523 4191 578 4240 scu
602 4171 786 4239 charitatem
812 4168 843 4235 in
869 4167 1019 4232 honorem
1048 4167 1100 4234 Dei
1124 4186 1181 4234 nos
1204 4171 1344 4254 quotidie
1360 4180 1428 4238 tnm
1452 4181 1596 4258 regentes

367 4292 434 4352 tum
459 4283 636 4358 ollerentes,
659 4273 923 4363 quemadmodum
949 4273 1008 4340 iam
1032 4273 1182 4340 diximus.
1199 4312 1243 4323 —
1261 4277 1377 4344 Verum
1399 4279 1424 4344 si
1451 4280 1498 4346 vel
1516 4281 1595 4346 mica
1687 4323 1688 4370 5

367 4391 440 4456 salis
463 4407 498 4454 ac
523 4385 626 4454 indicii
645 4381 660 4415 *
684 4382 763 4448 loret
780 4381 810 4446 in
828 4379 926 4456 vohis,
943 4379 973 4443 in
991 4378 1051 4444 ista
1071 4378 1179 4445 saltem
1197 4381 1317 4450 ratione
1335 4392 1440 4452 vestra
1455 4385 1596 4472 (qnando

429 4521 439 4540 ⁰
457 4519 548 4566 indicii.
