3364 5092
494 298 655 348 secuunus
678 297 884 356 cononessus.
1258 281 1299 347 85

72 442 159 492 mum
185 423 345 492 in’hlrica
366 429 468 504 ortus,
492 441 587 510 quem
616 430 724 510 postea
749 422 915 491 valdenses
938 423 1006 509 (qui
1030 431 1062 492 et
1085 440 1241 510 pauperes
1262 423 1301 492 de
1356 435 1358 440 ·

72 531 227 617 lugduno
250 529 482 614 vocitabantur)
506 530 537 597 in
554 529 651 598 Gallia
667 535 871 608 renovarunt,
886 529 998 597 deinde
1013 530 1141 598 loannes
1157 529 1302 599 Vielevus

71 638 101 703 in
124 637 246 723 llnglia,
271 645 341 722 post
364 637 450 704 hunc
474 637 603 704 loannes
623 637 754 705 llussius
776 636 809 702 in
833 635 988 716 Bohemia,
1012 641 1044 702 et
1066 654 1151 704 nunc
1174 635 1301 704 demum

71 745 226 812 llartinus
250 745 409 811 botherus
425 744 457 810 in
479 743 646 811 Germania
661 743 820 830 terrisque
834 743 1048 822 conterminis,
1071 743 1131 810 hoc
1146 744 1213 811 solo
1233 743 1302 812 aliis

69 851 220 918 omnibus
243 850 402 937 superior,
432 851 516 936 quod
547 869 609 918 non
640 857 817 930 contentus,
851 850 948 917 unius
981 849 1151 918 alteriusve
1186 849 1302 918 veteris

71 957 313 1025 haeresiarchae
337 957 540 1043 resuscitasse
563 957 682 1025 nelavia
704 957 859 1043 dogmata,
883 975 924 1024 ex
955 956 1102 1024 omnibus
1126 975 1204 1042 pene
1227 957 1301 1024 hae-

70 1063 178 1132 reticis
202 1063 346 1131 nonnihil
370 1063 608 1143 consarcinavit,
632 1073 663 1131 at
698 1061 782 1131 illo*
806 1069 909 1130 tamen
932 1081 1043 1130 omues
1065 1080 1301 1149 supergressus,

70 1169 153 1255 quod
180 1178 275 1256 negat
299 1170 426 1237 missam
450 1187 518 1238 esse
550 1171 739 1238 sacrificium
757 1172 779 1249 ¹,
803 1169 833 1236 id
857 1169 941 1255 quod
972 1187 1064 1237 nemo
1093 1175 1165 1236 ante
1197 1169 1302 1254 ipsum

69 1275 181 1344 iecisse
205 1276 415 1362 comperitur,
439 1277 704 1363 quemadmodum
737 1277 768 1342 in
794 1276 885 1342 tertio
916 1276 976 1342 iam
1008 1293 1178 1362 congressu
1210 1275 1302 1343 iuxta

69 1382 212 1469 singulos
235 1383 388 1450 articulos
411 1383 592 1451 nominatim
617 1382 832 1450 indicabimus.

494 1543 661 1608 decimum
685 1541 871 1628 septimum.

161 1703 260 1789 lgitur
284 1709 340 1769 aut
364 1702 441 1770 nulli
467 1701 600 1769 habendi
625 1709 699 1768 sunt
724 1701 884 1781 baeretici,
907 1708 963 1768 ant
984 1719 1059 1769 sane
1082 1701 1131 1768 isti
1163 1702 1212 1769 vel
1237 1719 1302 1768 ma-

72 1807 166 1876 xime.
194 1808 268 1876 Nam
287 1827 352 1894 qua
375 1807 482 1886 ceteri,
506 1807 614 1876 eadem
631 1807 680 1874 isti
706 1807 900 1875 condemnati
925 1814 1000 1874 sunt
1021 1807 1218 1888 auctoritate,
1240 1825 1302 1874 non

70 1915 174 1982 solum
199 1916 296 1982 unius
319 1921 375 1982 aut
406 1915 539 1982 alterius
570 1914 807 1981 haeresiarchae
831 1913 947 1981 veteris
970 1913 1107 1982 contenti
1139 1931 1302 1982 revocasse

74 2037 169 2104 prava
200 2021 358 2107 dogmata,
384 2019 436 2088 sed
472 2039 512 2088 es
549 2019 696 2087 omnibus
731 2019 955 2105 propemodum
991 2018 1109 2104 aliquid
1144 2019 1300 2100 suffurati,

71 2127 336 2210 quemadmodum
362 2127 507 2212 proxime
530 2126 648 2195 dictum
672 2134 729 2194 est.

607 2335 765 2428 Epilogus.

161 2552 244 2619 Nihil
268 2550 429 2645 addubito,
454 2551 504 2637 pie
528 2552 636 2631 lector,
660 2551 736 2637 quin
761 2551 810 2618 vel
834 2560 889 2618 tua
911 2568 1038 2637 quoque
1060 2550 1213 2618 sententia
1241 2550 1301 2618 iam

74 2657 198 2726 abunde
221 2657 409 2745 praestitum
434 2659 484 2738 sit,
508 2657 593 2744 quod
618 2675 693 2726 mox
725 2658 756 2725 in
787 2657 919 2725 exordio
951 2657 1047 2725 buius
1076 2656 1205 2745 sectandi
1229 2675 1302 2724 con-

74 2781 202 2848 gressus
225 2764 464 2852 pollicebamur.
488 2767 525 2832 lt
548 2765 771 2851 pertinacibus,
794 2765 956 2832 obstinatis
979 2773 1011 2832 et
1039 2764 1181 2850 reprobis
1212 2763 1301 2832 satis

76 2869 140 2938 lieri
166 2879 271 2958 potest
298 2890 474 2958 nunquam,
498 2872 615 2958 quippe
637 2890 718 2958 quos
740 2873 956 2940 excaecaverit
979 2872 1097 2939 rnalilia
1118 2889 1242 2951 eorum,
1265 2879 1302 2942 ut
1325 2881 1373 2926 2¹⁸·
1387 2878 1407 2933 ⁶·
1423 2875 1457 2921 ¹⁰·

77 2976 215 3046 videntes
239 2996 301 3046 nou
329 2975 401 3066 (50)
425 2978 550 3047 videant
572 2986 603 3046 et
626 2979 788 3046 audientes
803 2998 864 3046 non
881 2979 1020 3058 audiant,
1043 2985 1075 3046 et
1095 2978 1302 3065 intelligentes

77 3101 133 3151 non
159 3085 353 3171 intelligant;
378 3103 473 3152 nemo
495 3086 578 3153 enim
591 3095 696 3174 potest
718 3086 897 3173 corripe-e,
913 3105 1008 3175 quem
1036 3087 1121 3152 Deus
1145 3085 1299 3171 despexit.
1338 3093 1409 3193 sogg-
1423 3093 1444 3147 ⁷.

79 3188 300 3259 Verumtamen
324 3191 474 3278 quoniam
499 3191 667 3278 utriusque
689 3209 877 3278 congressus
900 3192 962 3259 iam
992 3192 1063 3259 lacti
1090 3199 1154 3259 lota
1176 3193 1234 3272 vis,
1257 3190 1302 3258 el·
1403 3179 1408 3192 '

78 3293 182 3366 ticacia
204 3304 237 3365 et
260 3303 419 3383 postrema
442 3298 592 3366 resolutio
608 3305 756 3384 unquam
774 3299 804 3364 in
821 3298 947 3366 cardine
964 3298 1077 3383 pendet
1099 3299 1140 3366 ab
1156 3297 1302 3378 Ecclesia,

78 3408 183 3488 utpote
206 3403 279 3470 fidei
302 3421 339 3472 ac
364 3403 524 3490 religionis
548 3413 672 3472 nostrae
695 3422 784 3471 sacra
816 3405 913 3492 (quod
943 3405 1045 3480 aiunt)
1068 3423 1194 3484 ancora,
1225 3405 1303 3474 illud

78 3525 174 3576 unum
198 3509 303 3578 adhuc
329 3517 428 3578 restat
450 3509 687 3590 ostendendum,
712 3511 764 3578 ubi
799 3511 920 3578 tandem
952 3519 984 3579 et
1014 3511 1096 3597 apud
1121 3529 1202 3597 quos
1230 3512 1302 3596 ger'·

80 3631 167 3684 mana
192 3633 332 3704 veraque
356 3617 396 3684 sit
424 3615 559 3686 Ecclesia
582 3617 636 3684 Dei
652 3617 801 3686 viventis:
819 3635 895 3685 num
919 3618 1003 3705 apud
1028 3619 1132 3685 hostes
1155 3623 1304 3686 nostros?

135 3749 144 3769 ⁸
162 3749 214 3798 ille.

143 4045 153 4077 ¹
174 4047 236 4102 Aac.
256 4047 323 4099 29⁰:
344 4046 410 4100 ltlhil
429 4047 491 4102 novi
510 4047 626 4116 nihilque
643 4052 730 4102 certae
748 4047 902 4101 eruditionis
920 4047 947 4101 in
965 4047 1083 4102 medium
1102 4051 1240 4116 proterunt
1255 4049 1303 4102 Lu·

79 4135 184 4200 thuani,
202 4135 251 4190 sed
269 4149 338 4204 utrae
368 4135 430 4190 olim
449 4137 538 4191 multis
560 4137 586 4189 in
611 4137 727 4191 conellils
750 4136 873 4190 damnato
901 4145 970 4204 sunt,
988 4137 1014 4190 iu
1032 4135 1144 4192 dubium
1168 4143 1303 4204 revocant,

78 4231 210 4292 renovant,
229 4231 361 4291 repetunt,
380 4225 428 4280 uisi
448 4225 521 4295 qrrod
539 4239 568 4279 se
586 4225 767 4292 impudentius
785 4225 914 4280 adversus
931 4225 994 4292 luge
1011 4227 1168 4282 sacrificinm
1191 4227 1302 4294 erigant,

79 4319 102 4364 ut
119 4315 225 4367 iuterim
244 4327 307 4368 suas
324 4313 535 4369 abominationes
552 4321 674 4368 statuant.
692 4317 753 4370 Ass.
772 4315 838 4368 29l:
863 4314 953 4370 Cetera
978 4316 1059 4381 enim,
1079 4329 1148 4384 quae
1165 4317 1302 4382 inculcant,

79 4403 127 4456 lore
145 4401 236 4456 omnia
256 4402 282 4457 in
302 4409 472 4458 sacrosancto
489 4403 678 4458 Consmntiensl
697 4405 806 4459 concilio
824 4410 885 4458 sont
896 4405 1019 4458 damnata
1033 4404 1162 4460 adversus
1180 4405 1304 4460 Vviclde·

78 4491 138 4556 tom,
158 4491 228 4546 linas
245 4497 272 4546 et
290 4491 462 4557 Vvaldeusos,
480 4493 615 4548 liutheuos
633 4501 659 4548 et
676 4495 786 4548 aliorum
806 4495 997 4548 haereticorum
1016 4499 1113 4560 pestes.
