3390 5096
529 309 658 356 noerius
681 309 888 358 connnussus.
1261 294 1321 358 167

81 433 146 500 cim
175 433 336 520 Apostolis
360 433 419 499 iam
444 440 512 500 tum
536 433 752 501 sacerdotibus
776 433 1003 502 Eucharistiam
1027 434 1088 502 snb
1104 441 1241 519 utraque
1256 452 1326 519 spe-

81 540 144 618 cie,
170 539 305 608 duobus
327 547 433 608 autem
457 540 487 606 in
514 539 676 607 Emmaum
700 539 850 608 euntibus
865 540 1027 625 discipulis
1042 539 1147 606 adhuc
1165 540 1250 607 laicis
1266 540 1327 607 snb

81 647 192 714 altera
219 647 324 732 specie
350 649 496 715 tantum¹
521 647 774 724 communicavit,
799 652 865 714 tum
894 646 932 713 ad
965 647 1117 714 rationem
1149 646 1327 714 Christiano

82 753 223 821 homine
246 753 372 839 dignam
397 751 613 838 multiplicem,
636 752 899 838 quemadmodum
918 753 1026 838 paucis
1042 752 1134 819 modo
1149 753 1326 838 attigimus

83 859 115 924 in
143 877 291 938 summa,
315 877 354 926 ne
388 877 452 944 qua
485 859 610 926 Christo
633 861 786 944 (quantus
809 863 869 936 est)
893 859 923 924 in
961 858 1157 926 Eucharistia
1179 865 1326 927 contento

82 963 141 1031 liat
168 965 385 1034 irreverentia
406 973 439 1032 et
461 965 588 1043 iniuria,
612 965 696 1032 nude
718 965 859 1032 onmium
884 965 1108 1043 calamitatum,
1132 964 1250 1048 quihus
1267 966 1326 1032 linc

82 1073 204 1138 seculo
228 1077 338 1138 nostro
360 1071 545 1156 iampridem
569 1071 751 1156 affligimur,
775 1077 811 1137 ut
834 1078 907 1138 sunt
942 1070 1124 1156 trequentes
1147 1070 1324 1136 lurcorum

84 1177 257 1256 incursus,
280 1177 388 1244 civiles
410 1195 447 1244 ac
471 1177 634 1244 intestinae
669 1177 845 1256 seditiones,
878 1195 975 1244 novae
1007 1185 1109 1262 pestes
1132 1185 1163 1243 et
1195 1175 1325 1242 inauditi

82 1282 210 1363 morbi,
233 1283 371 1369 denique
392 1285 464 1350 anni
489 1283 613 1350 steriles
635 1284 841 1369 omniumque
863 1301 970 1350 rernm
988 1283 1111 1359 caritas,
1130 1299 1224 1349 unam
1241 1299 1325 1349 eam-

84 1406 153 1472 que
176 1389 382 1474 praecipuam
405 1407 531 1456 caumm
548 1389 700 1456 adserunt
716 1389 774 1455 viri
792 1389 919 1474 quidam
945 1389 984 1473 pii
1010 1388 1222 1474 quotidianam
1248 1389 1327 1454 irre-

86 1496 282 1572 verentiam,
300 1496 358 1562 hac
383 1502 565 1581 tempestate
583 1495 752 1563 venerabili
770 1506 966 1562 sacramento
983 1495 1195 1562 Eucharistiae
1213 1495 1325 1581 passim

85 1608 119 1666 et
145 1601 281 1686 impune
305 1601 392 1667 vario
414 1618 451 1668 ac
475 1601 639 1686 multiplici
663 1600 766 1668 abusu
791 1600 917 1668 illatam.

185 1707 304 1774 Verum
329 1715 364 1774 ut
388 1707 425 1774 ad
451 1707 618 1775 flosculum
645 1707 739 1774 istum
765 1708 859 1774 vestri
886 1708 1052 1793 Evangelii,
1076 1707 1106 1774 id
1139 1714 1197 1787 est,
1221 1707 1327 1775 convi-

87 1814 180 1880 cium
207 1814 238 1880 in
264 1813 431 1899 Episcopus
454 1821 485 1881 el
508 1814 686 1882 sacerdotes
717 1814 844 1891 iactum,
870 1814 1085 1899 respondeam,
1118 1815 1256 1899 primum
1280 1814 1327 1880 di-

87 1921 165 1999 cite,
192 1937 310 2005 quaeso
334 1921 421 1998 mini,
445 1921 555 2006 ecquis
576 1920 745 2005 aliquando
768 1919 889 1987 lurtum
916 1921 962 1988 vel
981 1921 1179 1987 latrocinium
1197 1921 1327 1987 commi-

89 2027 130 2092 sit
155 2027 280 2113 absque
303 2027 467 2095 commodo
491 2026 620 2112 proprio
650 2034 681 2094 et
715 2026 817 2093 alieno
851 2027 989 2093 damno?
1012 2030 1048 2094 lt
1070 2045 1088 2094 e
1123 2027 1218 2094 calice
1243 2027 1329 2094 laicis

89 2141 210 2219 negato
233 2133 308 2220 quid
332 2141 388 2201 aut
411 2134 612 2202 emolumenti
637 2141 765 2219 sperant
789 2133 975 2213 sacerdotes,
999 2142 1054 2200 ant
1070 2134 1248 2202 detrimenti
1274 2152 1327 2218 pa-

90 2239 222 2306 tinulur
246 2239 326 2318 laici,
349 2239 476 2325 quando
499 2239 692 2306 tantumdem
717 2239 836 2325 gratiae
859 2239 1032 2325 spiritualis
1048 2241 1107 2322 (nti
1131 2240 1222 2306 modo
1245 2239 1327 2305 dixi-

90 2349 183 2429 mus)
206 2346 266 2413 sub
289 2363 351 2413 una
375 2346 478 2430 specie
502 2345 590 2431 panis
618 2345 745 2424 habeut,
778 2353 932 2431 quantum
964 2345 1025 2413 sub
1060 2352 1196 2432 utraque
1224 2345 1327 2429 specie

92 2459 158 2518 tarn
188 2451 248 2519 vini
272 2469 367 2538 qnam
393 2452 481 2537 panis
504 2452 693 2532 haberentl,
718 2458 842 2537 praeter
860 2452 928 2518 lidei
954 2471 990 2518 ac
1014 2452 1207 2520 obedientiae
1231 2452 1326 2518 meri·

94 2565 179 2636 tum,
201 2557 286 2643 quod
309 2558 355 2626 eis
378 2558 451 2624 hinc
474 2558 616 2626 accedit?
639 2559 745 2624 Nonne
769 2557 822 2624 ubi
846 2557 992 2625 Christus
1014 2559 1074 2624 ait:
1098 2563 1464 2637 amnemamnem.

93 2663 172 2730 dico
195 2663 298 2743 vodis
321 2665 390 2732 nisi
412 2665 697 2732 manducaveritis
719 2683 854 2730 earnem
870 2664 936 2748 filit
952 2663 1106 2745 lucanicis,
1128 2675 1157 2732 el
1180 2664 1327 2731 biberitis

94 2771 170 2836 eius
192 2771 403 2856 sanquinem,
427 2791 493 2838 non
517 2769 802 2838 tandemtandem
828 2772 862 2836 in
886 2771 1109 2857 delinquam
1136 2773 1237 2839 locum
1262 2790 1327 2838 ma·

96 2877 186 2944 xime
210 2876 261 2944 hic
295 2877 401 2944 soletis
430 2895 554 2963 urgere,
590 2878 688 2944 solius
724 2878 812 2962 panis
845 2885 906 2944 tam
939 2879 1052 2944 orooro
1088 2878 1239 2956 meminit,
1265 2879 1326 2944 vini

95 2992 205 3050 autem
229 2980 319 3068 (leti
342 3001 382 3050 ne
405 2984 500 3050 semel
524 2983 662 3068 quidem,
688 2990 723 3050 ut
748 2984 807 3050 iam
832 2983 950 3050 dictum
975 2992 1033 3064 est,
1058 2984 1218 3063 nimirum,
1243 2984 1326 3070 qnod

96 3097 284 3174 utrumque,
300 3097 363 3157 tam
384 3090 511 3175 sanguis
533 3108 628 3175 quam
654 3108 738 3171 caro,
762 3090 823 3156 suli
847 3109 910 3157 una
934 3091 1022 3176 panis
1045 3091 1147 3176 specie
1170 3091 1328 3158 continea-

97 3200 161 3262 tur.
188 3196 273 3263 Absit
295 3197 378 3264 enim
403 3195 570 3263 infidelitas
593 3196 655 3274 illa,
681 3205 716 3264 ut
748 3205 895 3282 putemus
928 3197 1028 3263 vivam
1060 3197 1175 3263 Christi
1200 3215 1327 3263 carnem

98 3301 162 3368 illic
186 3319 379 3388 exsanguem
403 3319 481 3370 esse.
507 3303 603 3369 Porro
627 3303 804 3370 sacerdotes
826 3304 867 3370 ob
891 3303 1042 3369 vallonem
1060 3303 1249 3388 praedictam
1270 3303 1328 3368 En-

97 3407 248 3475 charistia
273 3415 420 3494 tanquam
445 3407 599 3475 sacrificio
634 3415 769 3494 utraque
800 3411 902 3492 specie
918 3417 1061 3486 utentes,
1086 3427 1158 3475 cum
1184 3409 1246 3475 sint
1270 3427 1328 3494 pu-

97 3511 170 3580 blici
196 3513 349 3582 Ecclesiae
371 3515 518 3593 ministri,
542 3533 602 3580 uon
629 3534 686 3600 pro
710 3533 742 3582 se
767 3515 868 3592 modo,
894 3533 1005 3582 verum
1036 3515 1129 3582 ctiam
1162 3533 1220 3600 pro
1243 3515 1326 3582 omni

99 3621 217 3706 populo
240 3620 271 3688 in
296 3637 430 3706 persona
453 3622 606 3688 Ecclesiae
629 3622 807 3688 sacrificant
829 3631 860 3688 et
883 3621 1030 3688 ollernnt.
1062 3623 1167 3706 Quare
1192 3621 1329 3707 popolus

98 3727 231 3794 audiens
254 3727 379 3794 missam
410 3746 482 3795 cum
514 3727 628 3814 gavidio
664 3727 794 3795 credere
825 3728 927 3806 debet,
951 3729 1044 3794 etiam
1080 3746 1148 3795 sese
1172 3727 1327 3813 spirituali

99 3832 234 3920 quadam
258 3834 438 3920 sumptione
461 3835 644 3921 sanguinem
670 3835 785 3901 Cinisti
811 3835 928 3901 bibere.
946 3833 1023 3901 Cum
1041 3853 1116 3920 erqo
1146 3835 1212 3900 laici
1240 3852 1328 3919 prae·

100 3948 147 4008 ter
170 3940 254 4008 solas
276 3940 340 4007 vini
363 3942 493 4027 species
517 3942 666 4021 colorem,
690 3941 818 4008 odorem
843 3950 873 4007 et
908 3959 1050 4027 saporem
1087 3942 1145 4008 lioc
1180 3941 1329 4008 Ecclesia-

99 4047 176 4114 stico
200 4064 288 4114 more
311 4046 388 4114 ninii
420 4047 583 4133 spirituale
615 4047 756 4132 perdant,
780 4049 834 4133 qui
861 4048 975 4132 poterit
1009 4047 1068 4114 dici
1093 4047 1256 4132 spirituale
1280 4047 1328 4113 vel

171 4314 178 4347 ¹
201 4311 286 4367 Encd.
304 4315 325 4366 G
344 4313 375 4366 7:
395 4314 437 4366 Sic
455 4320 481 4366 et
499 4311 618 4367 Christus
636 4311 777 4381 discipulis
795 4312 823 4367 in
844 4312 957 4368 Emmno
977 4327 1030 4366 non
1051 4314 1180 4366 utramvis
1203 4311 1329 4380 speciem,

100 4401 144 4455 sed
164 4399 290 4468 alterum,
310 4415 407 4468 nempe
425 4403 510 4468 penis,
529 4403 624 4468 tegitur
644 4402 782 4456 tradidisse
803 4403 870 4468 (Act.
888 4404 923 4468 t).

169 4487 182 4520 ⁸
201 4489 239 4544 Cl.
258 4505 339 4556 supra
360 4493 411 4545 tels
430 4506 456 4544 n.
475 4493 501 4545 t.
