3378 5082
349 203 368 267 6
849 216 1065 267 inruonucrro.

347 343 430 405 xime
453 359 525 404 vero
546 359 585 405 ex
606 341 736 405 articulo
758 342 846 405 tertio
868 341 947 403 tertii
981 340 1166 418 Cortgressus
1187 341 1226 403 de
1255 340 1322 403 bdc.
1356 339 1461 402 Fidem
1493 339 1590 402 enim
1659 367 1660 428 f

348 465 475 528 prorsus
497 448 699 511 necessariam
723 447 798 510 dicit
818 463 948 528 eamque
970 464 986 508 a
1008 447 1188 510 Cbristianis
1204 453 1423 510 maternorum
1440 431 1531 508 lacte
1548 447 1591 508 si·
1659 447 1660 464 ¹

272 597 275 606 ·
348 555 411 618 mul
434 554 557 628 imbibi;
580 571 678 635 negate
701 555 790 618 iidem
813 556 943 618 nuntiari
979 571 1037 616 non
1059 552 1205 627 vnlt‚sed
1228 571 1287 616 uon
1322 561 1394 616 «tot
1415 555 1589 634 tantisque

347 660 501 732 laudibus,
522 662 655 724 maxime
677 661 769 732 falsis,
790 661 878 723 ei'eiti
896 687 923 736 ι,
944 675 1014 724 cnm
1043 661 1173 740 «potius
1194 661 1329 724 ebaritas
1350 670 1413 722 tum
1437 661 1491 724 Dei
1513 668 1588 722 tum

348 768 491 848 proximi,
512 783 569 830 ceu
592 769 752 830 universae
774 767 848 846 legis
869 776 899 829 et
920 767 1110 830 abbreviatio
1127 774 1156 829 et
1177 768 1399 830 corrsnmmatio
1420 775 1589 846 perpetuo

349 873 558 936 inculcanda·
585 876 625 936 sit
640 874 660 935 ¹.
683 875 763 936 ilaec
785 876 877 952 igitur
908 875 1053 948 charitas,
1085 876 1220 936 arretoris
1241 873 1365 949 iudicio,
1398 873 1588 935 necessario

348 983 492 1062 supponit
514 981 809 1061 comprehenditque
832 980 932 1052 iidem,
954 980 1068 1060 alioqui
1093 998 1150 1043 uon
1175 989 1331 1060 tantopere
1353 996 1422 1042 cum
1438 981 1505 1059 ipsa
1534 997 1587 1041 sa-

348 1104 400 1150 cra
424 1090 534 1170 pagina
556 1088 784 1151 commendaret
802 1085 894 1169 pidem
917 1089 1022 1166 utique
1049 1105 1137 1150 «raon
1159 1088 1298 1162 otiosam,
1322 1087 1375 1148 sed
1398 1103 1587 1166 operosam,

348 1211 408 1257 non
431 1195 542 1268 fletam,
563 1194 616 1256 scd
638 1195 800 1270 sinceram,
822 1212 880 1256 non
897 1203 1059 1267 mortuam,
1079 1195 1132 1256 sed
1149 1195 1259 1266 viram,
1282 1211 1340 1256 non
1355 1193 1502 1265 sterilem,
1519 1194 1584 1254 sed

348 1301 539 1376 foecundam,
562 1317 620 1362 non
642 1301 858 1370 Pbarisaicam,
873 1301 926 1362 scd
942 1300 1166 1380 Euangelicam,
1183 1317 1240 1362 uon
1256 1301 1389 1380 denique
1404 1299 1585 1371 informem,

347 1409 402 1470 sed
424 1407 592 1480 formatam,
616 1409 633 1470 i.
656 1424 682 1469 e.
704 1408 784 1469 oanni
808 1409 919 1470 virtuale
940 1415 968 1469 et
990 1409 1126 1470 omnium
1148 1407 1280 1486 denique
1299 1407 1444 1468 virtutum
1461 1406 1586 1468 officiis

349 1513 431 1594 (data
454 1513 694 1594 opportunitate)
716 1516 890 1577 comitatam
906 1539 933 1574 ι.
956 1546 996 1562 -
1020 1514 1153 1588 accedit,
1175 1514 1256 1595 qrrod
1280 1514 1345 1592 ipse
1367 1513 1585 1592 praeclarissi-

349 1635 417 1682 mus
432 1620 544 1682 Ductor
564 1620 730 1696 Engelstoit
751 1621 794 1699 (p.
817 1621 928 1697 tilde
950 1621 1042 1683 Patrio
1064 1621 1167 1682 ileliae
1188 1629 1352 1699 nostroque
1384 1627 1511 1681 auctore
1537 1619 1584 1680 lo·

348 1743 445 1806 quens
466 1735 571 1806 aperte
592 1726 688 1789 dicat:
719 1727 880 1807 «Uterque
899 1727 990 1790 etiam
1009 1726 1101 1806 fidam
1123 1726 1278 1790 Ecclesiae
1308 1724 1500 1806 dogmatibus
1524 1727 1584 1788 ba·

350 1832 479 1896 bendum
502 1834 588 1914 (licet
609 1835 748 1907 otiosam,
770 1841 804 1895 nt
826 1833 958 1908 videtur)
990 1831 1116 1912 carpebat
1139 1842 1172 1894 nt
1194 1835 1321 1912 primam
1344 1833 1506 1911 (temporis
1530 1851 1581 1894 ra·

350 1938 444 2020 tione)
468 1941 620 2013 virtutem,
642 1942 707 2003 sine
728 1958 788 2021 qua
818 1941 931 2003 nullam
955 1940 1044 2003 aliani
1075 1940 1183 2002 adesse
1211 1955 1301 2018 posse
1328 1939 1511 2013 statuebant,
1534 1939 1579 2000 ad

349 2063 441 2126 quarn
465 2065 537 2109 vero
558 2065 644 2110 amor
667 2056 811 2128 tanlquam
834 2048 891 2109 alia
916 2049 1012 2109 virtus
1033 2049 1181 2109 accerime
1203 2047 1376 2110 debebat».

429 2155 543 2217 Deinde
567 2155 646 2217 idem
669 2156 719 2217 Dr.
741 2155 906 2232 Engelstoit
928 2156 971 2233 (p.
995 2157 1045 2232 tl)
1073 2172 1117 2218 «a
1139 2161 1225 2234 parte
1247 2154 1413 2217 ibeuretica
1437 2154 1577 2234 aliquem

349 2259 628 2325 Rationalismum·
656 2263 821 2342 corispicit;
850 2277 946 2323 «tram
969 2278 1027 2322 uon
1044 2261 1211 2325 Ecclesiam
1225 2287 1255 2336 ι,
1277 2262 1384 2340 inspuit,
1411 2267 1470 2321 «et
1491 2276 1581 2322 reve·

349 2368 492 2429 latiurrem
517 2369 692 2431 bistoricam
715 2369 825 2430 fontem
848 2376 878 2430 et
900 2375 1026 2429 matrem
1051 2369 1112 2429 reri
1135 2369 1223 2439 sistit,
1244 2368 1297 2430 sed
1318 2383 1414 2446 qurum
1437 2382 1493 2445 pro
1519 2367 1579 2428 Ec·

349 2473 443 2536 etesia
466 2474 592 2536 liberam
615 2476 741 2555 spiritns
762 2476 859 2536 sancti
874 2475 902 2535 iu
918 2490 1114 2553 punctimque
1137 2475 1259 2536 bomine
1280 2473 1489 2553 operationem
1505 2473 1579 2534 snb·

349 2581 497 2652 stitueret,
520 2581 638 2644 veritati
664 2581 721 2662 ipsi
754 2589 784 2643 et
815 2582 924 2644 rationi
958 2582 1109 2643 bumanae
1138 2580 1208 2659 pins
1229 2579 1343 2651 tribuit,
1365 2595 1456 2658 onam
1488 2580 1577 2659 quand

349 2703 419 2750 cum
443 2687 577 2766 perfecta
598 2688 767 2752 subiectira
792 2689 821 2749 in
844 2689 955 2766 Papam
984 2695 1015 2748 et
1037 2688 1203 2749 Ecclesiam
1234 2688 1292 2748 lide
1322 2686 1409 2748 facile
1430 2693 1577 2749 constare

349 2795 455 2873 possit,
476 2794 628 2873 siquidem
653 2811 757 2857 rerum
782 2795 905 2873 proprie
920 2793 1085 2856 subsistere
1107 2795 1229 2869 dieitur,
1244 2802 1274 2856 et
1295 2793 1431 2855 Ecclesia
1454 2801 1574 2855 tunium
1659 2867 1660 2876 ἵ

350 2901 454 2976 regula
489 2909 518 2963 et
550 2919 655 2964 norrun
688 2901 877 2982 probationis
907 2908 937 2963 et
958 2900 1182 2979 reprobationis
1203 2902 1270 2975 erit,
1291 2901 1340 2964 cui
1363 2917 1436 2963 sane
1457 2900 1576 2962 (locens

350 3022 469 3070 ornnem
494 3009 711 3070 institutionem
734 3008 886 3071 subiicere
908 3009 1012 3085 possit,
1028 3008 1079 3068 sed
1097 3025 1154 3069 raon
1171 3007 1259 3070 facile
1280 3007 1429 3070 ineditaus
1451 3023 1575 3069 nutrient

349 3131 435 3177 suam
460 3114 688 3191 intelligentiam
709 3115 894 3178 subiiciat».
917 3147 958 3160 -
985 3115 1022 3176 Et
1045 3115 1103 3175 iarn
1133 3116 1274 3195 superius
1295 3115 1339 3192 (p.
1362 3113 1430 3190 fil:
1459 3114 1576 3176 «Licet

350 3223 515 3301 opinari»,
537 3221 644 3302 iriqurit,
670 3237 779 3298 «currit,
800 3222 824 3282 si
849 3222 987 3283 intimum
1010 3229 1119 3302 pectus
1133 3221 1312 3300 aperuisset,
1329 3237 1386 3281 nou
1411 3220 1576 3299 proculab

350 3344 386 3391 ea
409 3328 602 3390 distinctione
625 3329 767 3402 abluisse,
788 3345 848 3408 quta
871 3328 1050 3391 Scholastici
1085 3330 1270 3390 recentiores
1302 3327 1515 3407 pbilosnpbiee
1544 3337 1577 3389 et

350 3434 521 3510 theologice
545 3450 617 3497 vera
641 3435 679 3497 iia
703 3435 932 3510 distinguerent,
966 3445 999 3496 nt
1031 3436 1090 3497 boo
1110 3435 1234 3515 quidem
1268 3434 1466 3513 professione,
1498 3432 1574 3496 iliud

351 3557 423 3603 vero
446 3543 645 3619 persuasione
661 3542 933 3621 aniplectereutur;
957 3542 985 3602 id
1009 3542 1089 3620 quand
1106 3541 1302 3618 Tireoiogiam
1325 3542 1391 3604 eiius
1414 3541 1576 3619 inspicien-

351 3648 432 3710 tibus
454 3648 542 3709 nobis
564 3649 685 3710 elucere
709 3650 829 3711 uidetur
844 3673 871 3710 ι.

422 3960 508 4014 ¹Fere
522 3961 592 4014 idem
609 3963 777 4026 postmodum
793 3963 923 4014 Professor
935 3961 1116 4015 Universitatis
1129 3962 1273 4015 iiafniensis
1289 3962 1409 4014 Nicotaus
1425 3961 1576 4028 ilemmlng·

350 4065 396 4104 seu
415 4050 561 4102 cbristianis
580 4051 763 4104 inculcandum
782 4051 893 4117 putavit.
912 4051 975 4102 Nam
1001 4052 1027 4103 in
1050 4051 1213 4103 dedicatione
1232 4049 1290 4102 libri
1310 4052 1350 4104 sui
1370 4050 1435 4114 (dat.
1451 4050 1493 4102 li.
1514 4051 1575 4104 Dec.

351 4139 446 4207 istut:
469 4138 675 4204 «Diligenter»,
694 4139 786 4206 iriqirit,
810 4139 946 4191 «ducendi
965 4145 1024 4191 stunt
1043 4139 1171 4201 bomineS,
1190 4139 1261 4206 qtrod
1288 4138 1421 4192 debitores
1445 4139 1497 4192 sint
1519 4139 1576 4203 Dei,

349 4229 421 4296 quod
440 4228 525 4282 vocati
545 4227 596 4281 sint
614 4241 668 4279 non
687 4228 720 4280 ad
740 4227 939 4293 turpitudinem,
952 4227 997 4280 scd
1012 4227 1045 4279 ad
1058 4227 1298 4292 sanctificationem,
1312 4229 1384 4295 quod
1399 4227 1471 4290 ddes,
1484 4241 1576 4294 quem·
1659 4223 1660 4256 ³

350 4317 495 4370 admodum
516 4316 625 4371 lacobus
643 4317 728 4382 docet,
747 4325 849 4370 mortua
869 4317 901 4369 sit
919 4316 975 4368 sine
995 4315 1155 4382 operibus».
1170 4315 1296 4382 liiirdam,
1315 4317 1505 4382 lljiibenbavns
1518 4318 1575 4370 Uni·
1659 4341 1660 4346 1

350 4419 420 4458 vers.
439 4396 501 4458 iiiut.
521 4406 538 4458 t.
558 4407 609 4458 258
629 4421 654 4458 n.
677 4407 700 4457 i.
