3378 5082
265 359 374 406 uentus
398 358 593 406 conspectus
616 359 708 407 Vl'l'AE
731 359 858 410 rttcoultl
881 361 1065 417 abacorum.
1237 346 1276 412 19

73 479 256 564 curtegradu
281 479 490 562 disputatione
509 480 655 563 religiosa
675 500 780 544 corum
799 483 914 564 populo
942 482 1042 546 iudice
1070 485 1133 565 regi
1156 486 1279 548 oderen-

73 590 134 650 dum
153 590 279 668 scripsit,
303 606 373 652 eunr
397 590 550 668 Episcopo
571 589 780 661 darbusionsl,
801 589 863 652 Ore
878 589 972 664 Bilde,
987 599 1017 652 el
1038 592 1150 654 comite
1164 593 1279 655 Aarltu·

73 696 142 758 siunt
163 697 316 776 navigasse
339 695 512 758 censendus
532 703 585 758 est.
609 695 639 757 lu
663 696 721 757 bac
742 695 818 758 urbe
839 704 891 759 aot
922 697 1006 759 solus
1037 706 1090 760 aut
1109 698 1233 762 adiutus
1260 715 1278 762 a

73 803 153 864 Panlo
173 803 273 866 ileliae
298 802 470 876 carmelita,
493 801 574 882 quod
604 801 807 882 improbabile
836 802 918 865 nullo
946 803 1037 866 modo
1066 804 1187 867 ridetur
1220 804 1278 867 «in

72 926 173 972 summa
196 911 341 989 temporis
364 909 530 986 angustia»
559 907 711 972 laudatam
734 911 872 972 exaravit
891 909 1147 990 confutationem,
1163 928 1223 991 qun
1239 910 1278 974 ad

73 1019 147 1078 linem
169 1017 251 1078 breul
275 1016 424 1096 perducta
449 1017 571 1078 ineunte
593 1025 645 1078 aut
660 1015 760 1078 medio
782 1015 858 1078 torte
882 1015 1052 1097 Septembri
1076 1017 1192 1094 lugiens
1212 1019 1280 1080 «in-

71 1123 244 1186 clementiam
271 1123 392 1185 hiberni
415 1123 534 1200 irigoris
555 1121 612 1184 sub
634 1124 693 1185 boc
713 1123 883 1203 aquilonari
906 1123 993 1188 coelo
1025 1125 1204 1204 propediem
1228 1125 1280 1188 im·

73 1231 206 1304 minentis,
221 1229 305 1311 quod
331 1231 454 1292 iamiam
477 1228 736 1309 praesentiscebat
750 1229 901 1292 imbecille
922 1231 1151 1310 corpusculum,
1172 1231 1209 1294 ad
1227 1232 1280 1313 by·

72 1346 199 1413 procrusta
221 1337 403 1400 Germanica
421 1336 429 1367 ¹
452 1337 608 1398 remearit.

139 1445 221 1506 leste
245 1441 444 1520 Waddiugo¹
472 1444 529 1504 «in
552 1443 687 1523 capitulo
708 1443 840 1522 generali
863 1443 990 1507 dolosae
1010 1444 1165 1508 celebrato
1186 1446 1216 1507 in
1239 1445 1278 1508 vi-

71 1549 130 1624 gilia
149 1551 342 1614 Pentecostes
364 1552 398 1630 (i.
423 1567 449 1614 e.
473 1554 519 1613 l8.
542 1549 626 1629 binii)
648 1553 726 1614 tuae
758 1549 874 1613 electus
905 1558 950 1613 est
981 1551 1128 1615 Nicolaus
1149 1552 1279 1615 Herbar-

72 1672 134 1717 nous
147 1657 387 1720 Commissarius
401 1657 557 1720 Generalis
572 1656 845 1720 Ultramontanus»
865 1659 897 1736 (i.
910 1674 935 1719 e.
951 1657 1163 1721 Cismontanus
1177 1659 1280 1739 quoad

71 1763 141 1838 nosl;
162 1781 268 1827 curam
307 1781 368 1844 qua
400 1764 469 1827 talis
499 1763 663 1843 gerendam
695 1765 814 1844 accepll
836 1767 876 1826 29
898 1765 1126 1844 prouinciarum
1153 1783 1280 1847 sequen·

72 1869 149 1930 tium:
169 1872 329 1946 Franciae,
357 1871 503 1933 Franciac
535 1871 723 1946 parisiensis,
754 1871 910 1943 castellae,
939 1871 1095 1934 saxoniae
1117 1890 1140 1934 s.
1163 1871 1279 1948 Crucis,

71 1973 204 2040 Senoniae
224 1996 248 2039 s.
273 1978 395 2039 loannis
417 1978 579 2056 Baptistae,
600 1977 760 2049 Trnrouiae,
782 1977 933 2040 'l'oronlae
955 1979 1161 2058 pictaviensis,
1189 1980 1280 2042 brra-

70 2085 172 2157 gantae,
195 2085 391 2164 Argrutlnae
413 2085 595 2164 Aquitaniae
616 2101 639 2144 s.
662 2083 774 2158 lacobi,
794 2083 936 2147 Coloniae
956 2085 1153 2165 Agrippinae,
1181 2103 1204 2147 s.
1227 2087 1280 2148 Bo·

70 2198 240 2254 narenturae
265 2193 334 2271 (seu
358 2193 537 2270 prorlnciae
559 2189 759 2270 provinciae),
780 2191 992 2268 Portugalliae,
1014 2209 1037 2254 s.
1052 2192 1211 2266 Ludorlcl,
1232 2193 1281 2254 lli·

71 2291 189 2370 berniae,
209 2297 331 2360 Scantiam
354 2297 568 2377 Conceptionis
599 2296 723 2368 Bocloe,
750 2299 933 2372 Britanniae,
965 2297 1100 2374 angliae,
1128 2299 1279 2362 Granalae

70 2399 207 2466 lrrdiarum
242 2404 425 2476 insularum,
457 2421 481 2467 s,
514 2403 621 2467 Crucis
651 2405 790 2482 Brugen,
821 2405 1053 2478 illaioricarum,
1084 2405 1278 2486 dragelorum,

71 2505 188 2582 Pietatis,
209 2528 231 2570 s.
260 2509 421 2581 Gabrielis‚
442 2509 708 2587 Carthaginiensis,
730 2511 901 2584 Blandriae,
920 2511 1114 2588 thuringiae,
1130 2513 1280 2576 interioris

71 2613 284 2679 alemanniae&
311 2617 449 2680 Clemens
471 2634 543 2680 vero
575 2634 655 2698 papa
687 2617 747 2679 llll.
770 2619 820 2680 die
851 2622 898 2680 25.
931 2619 1000 2680 lllaii
1030 2623 1109 2682 l533
1136 2619 1279 2682 -bttecto

70 2719 122 2782 dllo
142 2723 265 2786 Nicolao
292 2723 459 2798 lierborno,
481 2723 696 2787 Commissario
717 2725 850 2802 generali
867 2752 880 2779 ι
899 2733 956 2787 ete.
974 2726 1068 2788 Breve
1088 2727 1280 2788 Pontificium

71 2825 228 2892 destituerit.

141 2937 252 3000 Eodem
279 2954 363 2999 arrno
388 2941 492 3000 masa
513 2938 551 3000 ad
573 2939 757 3001 Arana-coeli
782 2939 810 3000 in
833 2946 985 3001 conuentu
1006 2956 1022 3001 a
1045 2938 1198 3002 Clemente
1213 2955 1283 3002 cou-

71 3051 166 3104 toeatu
186 3045 327 3106 llinistro
355 3043 493 3107 Gerrerali
515 3045 631 3108 Pissolo
647 3047 734 3108 inane
750 3045 909 3108 dumtaxat
924 3045 1153 3125 relinquebatur
1172 3063 1281 3108 nomeu

70 3145 232 3213 Generalis:
260 3150 349 3213 electi
374 3160 444 3214 sunl
465 3152 532 3214 eius
563 3151 630 3213 loco
661 3151 775 3214 Vicarii
807 3151 980 3231 generales:
1010 3169 1065 3231 pro
1088 3151 1281 3215 Clsmontaua

70 3253 170 3319 lamilia
200 3257 384 3320 Benedictus
398 3257 555 3332 Genucius,
570 3275 626 3338 pro
640 3257 869 3338 Ultpamontaua
884 3259 1029 3322 Nicolaus
1044 3259 1220 3322 Berbornus
1230 3259 1241 3291 ⁴
1253 3285 1280 3320 ι.

142 3364 362 3426 ardentissimo
384 3381 453 3428 cum
476 3365 541 3427 zelo
573 3365 716 3428 assiduus
745 3381 870 3427 munere
892 3381 948 3428 suo
970 3373 1031 3427 lam
1059 3366 1161 3446 amplo
1183 3365 1283 3442 lunge·

71 3464 157 3543 batur,
179 3471 240 3534 buc
274 3471 346 3534 illuc
379 3471 556 3545 decursatas,
577 3487 761 3552 quocunque
793 3473 958 3534 rreccssilas
990 3480 1042 3534 ant
1071 3473 1283 3553 opportunitas

69 3587 129 3638 rum
151 3579 289 3642 vocabat.
312 3577 390 3651 Quin
412 3579 437 3640 si
462 3578 568 3641 Nebe³
590 3596 649 3640 non
673 3579 794 3654 lallitor,
817 3596 874 3641 non
897 3579 1035 3641 obstante
1058 3579 1148 3641 tantis
1170 3577 1283 3642 labori-

71 3679 119 3743 bus
149 3685 381 3748 lautbcranismo
416 3685 670 3748 arclnidioeoesim
703 3685 911 3748 coloniensem
945 3685 1097 3748 iuramenti
1138 3693 1282 3766 tauquam

71 3805 176 3852 crurum
198 3809 231 3854 se
253 3791 367 3855 obiecit
391 3791 601 3872 populumque
622 3791 823 3854 coracionibus
844 3791 1076 3854 vehementibus
1100 3793 1128 3852 in
1153 3792 1211 3854 llde
1233 3794 1283 3856 lb·-

132 4105 140 4136 ¹
168 4122 186 4158 t.
234 4105 250 4159 3

131 4107 271 4250 'burgiae
291 4196 432 4257 minorum,
453 4195 521 4248 xvt.
540 4195 600 4248 artu.

131 4281 252 4340 'Simon
272 4283 421 4348 Grt'nucur,
442 4283 530 4336 Nouus
556 4282 628 4338 orbis
649 4285 839 4350 regionariae
868 4284 1022 4337 insularum.
1046 4283 1120 4336 Basil.
1146 4283 1219 4336 ¹555.
1241 4285 1284 4337 lol.

80 4387 93 4421 t.
109 4373 163 4425 667.

70 4385 79 4434 1
132 4459 142 4490 ⁴
165 4459 314 4531 ltnddtnq,
333 4463 349 4514 l.
369 4477 392 4515 c.
412 4461 473 4515 362.

132 4545 143 4578 ⁸
164 4551 327 4606 Benlrsetrriil
346 4551 422 4604 des...
440 4551 572 4604 ev.·tlneol.
591 4553 661 4606 Sem.
680 4567 711 4604 zu
729 4551 859 4618 llerborn,
877 4551 919 4604 36.
