3378 5082
378 309 421 378 32
693 327 891 380 consulturo
913 329 1147 379 nurusnuulstll
1170 330 1288 378 buntur.

376 469 468 540 posse
491 452 540 520 vel
563 451 689 532 debere,
712 470 776 540 qna
799 460 904 521 brnen
929 455 1049 521 ratione
1080 455 1243 540 potuimus
1273 453 1398 533 adduci,
1422 461 1459 521 nt
1482 455 1513 521 in
1536 455 1610 523 eins

376 559 434 628 loci
459 559 535 646 (qno
559 567 627 627 tum
650 559 825 646 agebantur
849 560 987 642 comitia)
1011 561 1162 648 populum
1192 579 1250 629 cen
1274 560 1400 629 luturae
1422 562 1610 648 disputatio
1681 551 1682 638 l

376 667 425 734 nis
447 665 582 734 iudicem
606 683 710 752 neque
732 673 931 752 corruptum,
948 685 1051 754 neque
1067 675 1248 753 suspectum
1265 669 1606 754 compromitteremus,
1681 681 1682 768 ᾗ

375 790 470 860 quem
496 771 702 858 iampridem
731 773 852 840 haeresi
878 773 937 842 ista
971 774 1247 858 corruptissimum
1281 773 1469 854 invenimus,
1492 781 1525 842 et
1554 775 1608 842 ad-
1681 807 1682 872 3

376 896 486 946 versae
508 877 633 946 lectioni
657 885 721 946 tarn
746 879 885 965 impense
907 879 1074 959 laventem,
1098 887 1130 947 et
1153 879 1233 966 parti
1259 888 1385 948 nostrae
1401 887 1463 946 tarn
1487 882 1604 948 atroci·
1681 885 1682 960 l

375 993 424 1054 ter
448 985 616 1064 inlensnm,
647 992 768 1054 utnon
807 992 869 1052 lam
905 985 1039 1054 iudicem
1075 987 1244 1064 sincerum,
1275 1005 1370 1072 qnam
1403 987 1604 1054 manifestum

375 1093 496 1160 hostem
521 1109 554 1160 se
576 1091 809 1160 declaraverit?
831 1093 909 1177 Quis
933 1111 1028 1178 porro
1059 1093 1182 1178 sapiens
1215 1091 1433 1160 adversarium
1469 1093 1527 1160 sibi
1554 1095 1605 1160 iu·

374 1197 475 1267 dicem
498 1216 638 1286 unquam
662 1197 780 1284 elegit?
805 1199 881 1266 Nam
907 1207 942 1266 nt
965 1199 1004 1266 de
1027 1199 1158 1266 occvrltis
1181 1206 1298 1266 taceam
1323 1199 1497 1278 allectibus,
1522 1219 1605 1286 qnos
1681 1231 1682 1284 3

374 1305 489 1392 alioqui
515 1305 709 1372 iracundiam
733 1307 764 1372 el
787 1305 934 1373 ierociam
960 1305 1072 1372 miram
1089 1323 1165 1390 prae
1189 1323 1222 1372 se
1237 1304 1373 1373 terentes
1390 1323 1451 1372 non
1467 1305 1606 1374 obscure
1681 1359 1682 1368 ,

375 1411 552 1480 indicabant
575 1411 766 1496 (daemones,
801 1431 863 1480 non
895 1413 1037 1480 homines
1071 1412 1229 1491 dixissesl
1253 1430 1445 1500 quamquam
1469 1413 1509 1480 ob
1538 1413 1603 1480 evi·
1681 1403 1682 1408 ’

373 1519 479 1587 dantia
501 1519 642 1604 pericula
678 1538 737 1587 non
770 1521 889 1606 absque
920 1520 1077 1606 frequenti
1101 1519 1246 1586 satellitio
1269 1527 1401 1600 armato,
1425 1520 1450 1586 si
1474 1520 1604 1606 qnando
1681 1555 1682 1602 3

373 1624 541 1692 necessitas
564 1633 720 1704 evocaret,
744 1625 949 1711 prodibamns
972 1626 1003 1692 in
1029 1625 1201 1711 publicum,
1218 1631 1321 1692 tamen
1346 1643 1385 1692 ne
1409 1624 1604 1712 sicquidem
1681 1695 1682 1700 ,

373 1749 392 1797 a
415 1729 539 1816 probris
563 1729 720 1817 minisque
742 1731 977 1818 temperabant;
1002 1749 1105 1818 neque
1138 1749 1212 1798 vero
1247 1731 1322 1799 satis
1350 1731 1507 1800 habebant
1530 1731 1606 1798 ida

373 1853 407 1904 sc
430 1837 514 1904 clara
537 1835 607 1904 luce
632 1837 767 1905 interdiu
793 1837 872 1917 lieri,
890 1838 956 1928 nisi¹
971 1846 1002 1906 el
1025 1844 1116 1906 nocte
1136 1837 1308 1906 diversoria
1331 1844 1439 1906 nostra
1461 1845 1606 1924 praeter·
1681 1915 1682 1926 χ

373 1949 484 2011 euntes
506 1959 598 2010 omne
621 1943 834 2012 conviciorum
859 1961 959 2030 genus
990 1962 1008 2011 e
1037 1944 1146 2030 plateis
1176 1943 1207 2011 in
1239 1962 1296 2012 nos
1326 1943 1521 2012 iactitareut:
1546 1944 1606 2011 sci·

372 2047 444 2116 licet
467 2048 510 2115 ita
533 2050 667 2117 verbnm
692 2049 758 2128 Dei,
782 2049 866 2135 quod
890 2067 1014 2136 semper
1038 2050 1069 2117 in
1093 2068 1149 2117 ore
1172 2050 1289 2117 babent
1312 2050 1372 2132 isti
1388 2049 1444 2116 viri
1463 2049 1604 2135 Evange-

372 2154 434 2235 lici,
458 2155 521 2222 vita
553 2155 758 2242 moribusque
792 2157 988 2242 exprimunt,
1012 2174 1124 2242 nempe
1147 2175 1212 2242 qno
1247 2163 1409 2243 tantopere
1432 2157 1522 2224 nobis
1546 2156 1602 2224 be-

372 2261 558 2341 nevolentia,
582 2280 672 2330 amor
705 2269 737 2330 et
768 2262 905 2330 charitas
939 2263 970 2330 in
1006 2264 1199 2349 peregrinos,
1230 2262 1366 2330 advenas
1393 2271 1425 2330 et
1459 2263 1601 2348 hospites

201 2377 352 2478 {aglahes}
372 2367 621 2436 commendatur.
646 2369 707 2436 Nos
730 2375 850 2449 contra,
874 2375 1040 2455 praecepto
1062 2369 1177 2437 Christi
1202 2377 1234 2436 et
1256 2368 1472 2454 Apostolorum
1490 2385 1603 2436 exem·
1681 2361 1682 2452 Ϊ

288 2465 295 2488 ’
337 2463 344 2477 ’
373 2475 424 2560 ρΙο
448 2473 605 2553 instructi,
628 2474 682 2561 qui
705 2475 899 2562 gaudebunt
920 2495 954 2541 se
981 2476 1100 2562 dignos
1132 2473 1261 2542 babitus
1283 2494 1346 2560 pro
1369 2475 1501 2542 nomine
1525 2476 1603 2542 Iesu
1681 2493 1682 2554 ᾗ

370 2579 603 2648 contumeliam
623 2581 710 2668 poti,
734 2600 771 2648 ea
795 2600 856 2648 non
879 2591 1007 2668 gravate
1032 2600 1089 2667 pro
1119 2581 1244 2649 Christo
1267 2580 1527 2667 suscipiebamus
1553 2582 1599 2650 ie·
1681 2629 1682 2666 2

370 2685 472 2755 liciter
495 2687 657 2755 nobiscnm
681 2689 730 2774 agi
755 2687 982 2767 existimantes,
1006 2689 1031 2756 si
1057 2689 1195 2775 lingnam
1212 2687 1429 2756 tantummodo
1444 2689 1602 2769 laxantes,
1681 2725 1682 2744 κ

370 2809 484 2860 manus
506 2793 712 2862 continerent.
737 2794 815 2878 Quis
837 2813 895 2861 oro
911 2795 993 2862 inter
1010 2795 1153 2861 homines
1169 2795 1212 2862 ita
1227 2795 1354 2862 allectos
1370 2800 1457 2862 recto
1471 2793 1602 2875 indicio,
1681 2797 1682 2852 ἶ

370 2898 442 2985 qnis
465 2898 670 2985 inquirendae
693 2900 738 2984 (6)
762 2901 897 2980 veritati,
920 2901 993 2986 quis
1018 2901 1172 2987 legitimae
1194 2900 1397 2986 disputationi
1415 2901 1528 2968 locust
1545 2902 1601 2969 vvbi
1681 2927 1682 2996 p

369 3005 457 3072 nulla
479 3023 550 3092 spes
585 3007 745 3092 proiectus
780 3015 957 3093 appareret,
981 3015 1101 3087 contra,
1125 3026 1185 3093 pro
1208 3007 1314 3076 verbis
1347 3014 1434 3076 certo
1467 3007 1605 3076 verbera
1681 3071 1682 3098 ζ

369 3110 460 3179 nobis
482 3119 750 3198 expectarenturt
774 3114 853 3200 Quid
878 3114 984 3182 verbis
1006 3122 1039 3182 et
1054 3114 1242 3183 verberibus
1255 3117 1289 3181 ¹t
1304 3114 1385 3199 Quid
1401 3115 1602 3199 argumentis
1681 3119 1682 3200 j

369 3225 401 3286 et
423 3218 543 3286 armis?
567 3219 646 3304 Quid
671 3221 839 3306 scripturis
869 3228 901 3288 et
934 3221 1068 3308 gladiis?
1092 3222 1134 3288 Ne
1165 3220 1242 3308 quid
1277 3220 1404 3288 interim
1434 3219 1536 3287 dicam
1562 3221 1603 3289 de
1681 3247 1682 3250 ¹

369 3325 623 3410 praesentissimo
646 3326 806 3394 seditionis
829 3333 924 3413 atque
947 3328 1105 3395 tumultus
1140 3327 1291 3412 periculo,
1316 3343 1377 3394 non
1402 3325 1469 3394 sine
1491 3325 1603 3393 discri·
1681 3337 1682 3422 j

368 3430 452 3499 mine
476 3431 585 3517 capitis
609 3432 895 3500 Ecclesiasticornm
920 3433 1072 3512 omnium,
1097 3433 1126 3501 id
1144 3433 1228 3520 quod
1244 3432 1329 3500 scioli
1347 3431 1474 3519 quidam
1492 3432 1602 3498 minus

368 3536 652 3606 animadvertentes
676 3538 767 3623 (nibil
791 3538 874 3606 enim
899 3539 1021 3606 inscitia
1052 3539 1265 3625 arrogantius)
1290 3538 1407 3605 mirum
1438 3555 1535 3623 quam
1560 3538 1602 3604 ad

368 3642 536 3710 ineundam
567 3643 810 3730 disputationem
847 3646 1011 3732 urgebant,
1049 3645 1215 3712 minimum
1250 3644 1402 3724 fortassis,
1426 3643 1480 3711 ubi
1516 3661 1599 3729 opus
1681 3665 1682 3674 ¹

367 3745 488 3828 inisset,
512 3750 713 3835 praestaturi.
738 3752 837 3818 Taceo
861 3759 961 3818 totum
998 3751 1057 3818 hoc
1092 3751 1270 3838 disputandi
1295 3767 1406 3837 genus,
1429 3747 1515 3836 quod
1538 3750 1600 3816 col-

369 3853 456 3922 lectis
479 3854 641 3922 hominum
666 3856 769 3924 turbis
794 3857 987 3937 instituatur,
1013 3858 1151 3925 maxime
1182 3876 1278 3943 super
1314 3857 1352 3924 iis
1376 3855 1447 3923 fidei
1471 3861 1599 3923 nostrae
1681 3937 1682 3948 χ

368 3959 532 4045 dogmatis,
556 3979 637 4048 quae
668 3963 764 4032 semel
801 3963 1022 4032 Ecclesiasticis
1057 3972 1182 4050 patrum
1218 3963 1344 4050 synodis
1372 3963 1499 4031 delinita
1525 3963 1597 4040 sint,

439 4423 449 4456 ¹
468 4427 543 4482 Mon.
561 4429 588 4480 S.
606 4428 639 4480 li:
659 4427 715 4480 lloc
734 4437 827 4480 omues
845 4431 954 4482 conatus
981 4435 1176 4496 convertamus,
1195 4435 1250 4482 ut...
1269 4443 1319 4496 pax
1337 4429 1437 4492 redeat,
1457 4435 1512 4483 nt..
1536 4439 1597 4497 post

367 4513 459 4581 longas
478 4521 503 4569 et
521 4512 664 4570 amomum
682 4519 708 4568 et
726 4511 872 4568 verborum
891 4528 994 4582 pugnas
1014 4517 1067 4572 Deo
1086 4523 1139 4584 opt
1161 4529 1246 4572 max...
1265 4517 1448 4572 inserviamus.
