3364 5092
501 291 662 341 sucuunus
685 292 892 342 concaussus.
1269 276 1308 340 81

94 431 153 481 nec
173 414 343 495 Christiani,
359 433 417 484 neo
433 415 579 501 spiritum
596 417 649 484 llei
668 418 828 498 hahentes,
846 435 903 486 nec
919 417 1105 504 Euangelici,
1122 435 1179 486 uec
1195 417 1312 498 fideles

93 539 151 587 nec
173 521 317 589 Ecclesiae
340 521 395 588 lilii
420 540 495 590 rere
518 523 673 590 censendi.
697 524 775 608 Quis
796 523 857 590 hoc
880 541 922 592 ex
945 521 1202 591 antecedentibus
1227 522 1313 590 ultro

91 627 175 714 sequi
198 646 256 695 non
282 628 389 734 vida?
411 629 496 715 quod
520 629 598 697 nulli
623 630 661 696 ad
685 630 820 698 salutem
843 635 928 715 patet
951 629 1055 697 aditus
1085 637 1179 698 extra
1210 629 1314 697 Eccle

90 735 174 814 siam,
195 735 225 802 iu
248 755 312 822 qua
344 737 409 804 sola
435 738 529 816 [leus
552 737 707 815 Christus
732 736 863 822 spiritus
885 742 917 803 et
940 736 1141 822 Evangelium
1173 744 1205 803 et
1235 735 1313 803 fides

89 848 170 908 recte
190 861 226 910 ac
250 861 326 912 rere
350 844 497 923 hahetur,
521 842 785 929 quemadmodum
809 843 870 910 iarn
893 841 1014 910 dictum
1037 849 1094 910 est.

623 1001 770 1069 Sextum.

173 1161 268 1227 Porro
290 1179 401 1228 omnes
425 1161 640 1229 huiuscemodi
662 1162 820 1241 mortales,
837 1168 985 1247 tanquam
1009 1179 1084 1228 oves
1107 1168 1200 1228 extra
1215 1161 1312 1229 unius

89 1265 233 1334 Ecclesiae
257 1273 345 1353 septa
370 1268 519 1347 halantes
536 1267 566 1334 in
583 1267 725 1353 quinque
748 1285 859 1353 greges
874 1267 1119 1335 distribuuntur.
1146 1267 1177 1334 ln
1197 1267 1311 1354 primo
1333 1281 1352 1326 ¹·

89 1379 162 1440 sunt
181 1373 315 1453 Ethnici,
340 1375 399 1441 hoc
423 1381 471 1440 est
493 1373 635 1459 gentiles,
651 1373 706 1459 qui
731 1372 927 1440 nullomodo
949 1373 1109 1441 Christum
1133 1379 1171 1440 ut
1194 1373 1248 1440 Dei
1280 1380 1312 1440 et

88 1477 216 1546 bominis
239 1479 443 1547 mediatorem
459 1486 633 1565 agnoscunt
648 1496 705 1546 nec
721 1479 843 1548 venisse
859 1497 917 1546 nec
933 1477 1003 1564 (46)
1022 1487 1201 1548 uenturum.
1219 1516 1260 1528 -
1278 1479 1310 1545 ln

85 1585 223 1652 eramo
239 1585 354 1666 ludaei,
370 1585 425 1672 qui
449 1592 564 1671 negant
585 1584 745 1652 Christum
771 1585 893 1653 uenisse
916 1585 1053 1672 quidem,
1075 1592 1211 1653 attamen
1236 1603 1310 1652 ren·
1333 1598 1359 1642 11·

87 1697 191 1758 turum
213 1691 319 1759 adhuc
341 1691 485 1760 creduut.
504 1691 595 1758 -lu
620 1691 714 1758 tertio
730 1697 805 1758 sunt
819 1698 989 1778 apostatae,
1006 1691 1036 1759 id
1059 1700 1117 1770 est,
1133 1692 1311 1760 desertores
1333 1704 1368 1750 11¹.

86 1795 167 1878 lidci,
187 1798 242 1884 qui
265 1797 426 1866 Christum
450 1798 572 1865 venisse
594 1796 721 1884 quidem
746 1797 914 1882 aliquando
934 1805 1020 1865 recte
1042 1797 1256 1877 crediderunt,
1279 1804 1312 1865 at

87 1911 189 1986 postea
210 1903 372 1972 Christum
395 1904 586 1990 abnegantes
608 1910 704 1970 totam
723 1921 855 1989 prorsus
878 1903 970 1971 iidem
994 1903 1155 1984 deserunt,
1180 1912 1216 1972 ut
1236 1903 1309 1970 olim

87 2007 286 2095 Porphyrius,
310 2011 449 2078 lulianus
464 2016 523 2078 etc.
540 2010 631 2077 -lu
648 2017 770 2098 quarto
787 2016 861 2076 sunt
877 2009 1037 2088 haeretici,
1058 2009 1112 2095 qui
1137 2009 1309 2077 etiamnum
1333 2022 1370 2068 tv.

86 2115 215 2182 creduut
238 2116 361 2184 venisse
383 2115 556 2195 Christum,
578 2117 671 2202 eique
696 2124 758 2183 tam
787 2115 922 2182 tirmiter
945 2123 1040 2202 atque
1067 2123 1247 2183 constanter
1278 2115 1309 2181 in

87 2223 216 2305 speciem
247 2221 431 2302 adhaerent,
462 2229 503 2316 ut
528 2240 588 2308 pro
610 2221 725 2289 Christi
757 2221 883 2290 nomine
914 2222 963 2289 rel
994 2239 1127 2307 corpora
1159 2239 1216 2288 sua
1247 2221 1308 2306 igni

87 2328 207 2395 tradere
229 2328 331 2415 parati
357 2327 531 2396 videantur.
549 2327 666 2395 Verum
692 2346 789 2396 novas
811 2334 843 2394 et
865 2327 959 2395 laisas
981 2329 1012 2394 in
1029 2327 1172 2394 doctrina
1194 2327 1309 2394 Christi

85 2433 241 2518 opiniones
264 2451 283 2500 a
306 2434 465 2502 communi
491 2433 643 2502 Ecclesiae
666 2451 760 2501 sensu
792 2434 909 2501 alienas
933 2433 981 2500 vel
1004 2434 1166 2520 gignentes
1190 2433 1239 2500 rel
1262 2451 1311 2500 sa

85 2547 224 2623 quentes,
247 2541 323 2608 dum
355 2540 497 2608 membra
520 2540 662 2626 corporis
692 2557 760 2606 esse
783 2539 941 2619 desinunt,
964 2539 1125 2607 Christum
1158 2538 1311 2606 Ecclesiae

86 2654 179 2730 caput
199 2665 262 2714 non
284 2653 401 2714 teuent.
427 2646 606 2714 llaereticus
621 2646 704 2712 enim
729 2652 777 2712 est
792 2643 970 2729 (dedhitore
992 2647 1166 2731 hugustiho
1181 2645 1214 2712 in
1229 2642 1311 2712 libro

85 2747 122 2816 de
144 2751 277 2820 utilitate
300 2751 471 2836 credendi),
494 2751 548 2838 qui
572 2750 706 2818 alicuius
730 2751 911 2836 temporalis
941 2751 1093 2820 commodi
1117 2759 1149 2819 et
1172 2751 1311 2818 manime

87 2855 199 2938 gloriae
214 2857 476 2944 principatusque
492 2857 541 2924 sui
565 2857 666 2943 gratia
689 2873 786 2924 novas
801 2873 837 2924 ac
860 2856 954 2924 falsas
969 2857 1131 2960 opiniopes
1147 2857 1196 2924 vel
1212 2857 1310 2944 gignit

87 2962 131 3027 rel
148 2965 291 3050 sequitur
301 2966 322 3030 ¹.
336 3001 380 3012 -
393 2963 424 3030 lu
437 2963 551 3047 quinto
567 2969 641 3030 sunt
652 2961 789 3047 denique
805 2962 1004 3040 schismatici,
1017 2963 1070 3048 qui
1084 2962 1243 3030 Christum
1258 2979 1310 3030 ve
1333 2973 1363 3020 v-

86 3065 163 3135 uisse
178 3069 352 3148 credentes,
365 3085 468 3154 neque
482 3067 656 3136 doctrinam
672 3067 773 3154 ipsius
787 3073 945 3153 quatenus
961 3068 1140 3135 huiusmodi
1156 3068 1310 3148 vitiantes

88 3177 184 3241 lamen
206 3174 248 3242 ab
262 3175 383 3242 unitate
406 3175 516 3260 capitis
533 3174 696 3253 Ecclesiae,
713 3172 763 3241 cui
782 3191 844 3240 non
868 3173 1028 3254 obediunt,
1045 3192 1078 3242 se
1095 3193 1151 3260 per
1167 3175 1310 3242 rebellio·

88 3293 152 3346 uem
175 3279 320 3348 dividunt
341 3287 437 3366 atque
459 3285 615 3366 separant.
633 3280 750 3347 Verum
775 3296 907 3364 perraro
930 3287 1005 3346 sunt
1031 3280 1230 3359 schismatici,
1254 3280 1309 3365 qui

89 3380 173 3452 iidem
198 3387 346 3454 haeretici
370 3405 431 3453 non
464 3394 547 3454 sunt.
572 3387 646 3452 Nam
670 3385 807 3454 schisma
828 3384 894 3452 iere
925 3385 1070 3470 sequitur
1094 3386 1242 3453 haeresis.
1266 3385 1309 3452 hd

89 3485 166 3558 hunc
189 3510 288 3579 prope
310 3492 438 3560 modum
463 3493 521 3560 has
544 3509 635 3560 voces
657 3492 824 3559 doctorum
846 3508 963 3558 corona
985 3490 1179 3576 distinguere
1199 3492 1285 3558 solet.

599 3650 790 3736 Septimum.

169 3811 369 3895 Quapropter
393 3809 540 3878 haeretici
565 3827 683 3888 omnes,
708 3815 865 3896 quotquot
887 3827 1027 3896 unquam
1052 3809 1193 3889 luerunt,
1219 3809 1310 3877 hodie

90 3923 156 3984 snut
176 3924 207 3984 et
230 3923 326 3983 erunt
348 3915 526 4002 aliquando,
550 3917 607 3982 etsi
631 3933 734 4001 neque
758 3915 869 3994 Deum,
894 3933 996 4001 neque
1012 3916 1183 3996 Christum,
1207 3934 1310 4002 neque

152 4199 160 4232 ¹
179 4201 298 4255 Eandem
318 4203 344 4254 S.
357 4200 495 4267 htrgusdni
508 4200 686 4254 definitionem
700 4197 829 4254 haeretici
840 4198 958 4252 inuenies
977 4199 1001 4251 in
1014 4197 1130 4254 horione
1148 4213 1171 4252 c.
1184 4199 1210 4250 7.
1223 4199 1244 4266 Q
1258 4197 1310 4252 ill.

89 4312 119 4325 -
135 4290 232 4344 Eodem
256 4289 343 4356 capite
367 4289 398 4340 7⁰
413 4289 547 4354 praeclare
570 4289 687 4354 explicat,
712 4301 782 4354 quae
806 4287 942 4340 axiomatis
961 4288 992 4338 6ο
1006 4300 1092 4352 usqua
1116 4287 1150 4339 ad
1174 4286 1224 4338 tim
1243 4301 1310 4340 osse·

90 4387 181 4443 mutor,
199 4379 367 4446 ostenditque
388 4379 420 4446 (Q
440 4379 455 4430 6
475 4377 535 4445 sq),
557 4391 625 4445 quos
643 4377 781 4430 lutherani
801 4375 940 4429 habuerint
960 4374 1172 4443 «progenitores
1191 4388 1310 4428 sucrum·

90 4477 133 4530 que
151 4467 307 4535 dogmatum
328 4474 449 4522 auctores
462 4486 485 4520 ι.

1185 4571 1201 4622 6
