3378 5082
520 333 651 380 ‚carnus
674 332 882 381 conuenssus.
1282 313 1324 380 to

96 459 165 523 lide
185 469 213 523 et
236 457 473 524 consolationis
495 457 547 523 det
570 456 661 523 uoltu
684 457 770 524 illem
794 465 910 522 mutuo
941 457 1028 523 iuter
1051 475 1108 522 uos
1131 455 1251 521 sentire
1277 475 1326 521 se-

95 564 242 630 cunlum
259 563 365 628 lesum
387 557 568 641 Curictum,
585 571 623 628 ot
638 562 844 628 unanimiter·
860 581 928 628 ιιιιο
944 582 1001 628 ure
1014 560 1205 649 glorificetis
1223 561 1325 628 Deum

27 741 32 750 ,
95 679 126 734 et
141 679 267 754 putrem
284 669 415 736 domini
428 669 538 736 nostri
548 671 623 735 lecu
642 667 774 737 Cluisu'.
793 669 835 736 dd
852 669 1030 736 Corinthios
1046 677 1150 735 arvlem
1168 668 1325 736 scribens:
1346 683 1451 737 scunt.
1462 684 1496 727 ru.

98 775 250 854 Obsecro,
268 776 381 862 inquit,
398 795 456 842 uos
470 773 598 862 srutrcc
616 795 679 862 per
693 795 810 842 'nornen
827 775 957 842 domini
974 778 1082 841 nostri
1097 776 1171 840 lesu
1191 771 1326 854 Cltristi,

96 891 135 946 ut
158 882 240 948 silon
266 881 456 970 loquamini
478 901 601 961 cornus,
633 890 662 948 ct
691 901 758 948 nun
789 882 857 948 sint
885 882 970 948 inter
997 899 1054 947 cros
1085 881 1240 958 vlrssidio,
1270 882 1327 946 rell

94 989 169 1054 sitis
193 990 362 1075 integrum
385 989 643 1074 corpusculum
668 1007 779 1068 senso,
803 989 916 1055 eudem
932 988 1100 1054 sunnila.
1125 991 1224 1072 ‚itque
1241 987 1326 1053 hunc

95 1095 126 1160 in
151 1094 278 1160 mudum
303 1095 376 1162 alibi
402 1096 536 1181 saepius.
554 1097 590 1161 dt
613 1096 685 1182 quis
701 1097 749 1163 vel
765 1095 877 1162 Oreste
898 1095 1035 1162 insanior
1059 1093 1176 1172 credat,
1202 1093 1327 1160 maiori·

93 1201 155 1268 bus
178 1203 306 1278 uostris,
324 1218 436 1286 nempe
451 1201 638 1268 orthodoxis
655 1202 797 1287 patribus
813 1211 843 1268 et
859 1200 1041 1268 ductoribus
1058 1201 1156 1270 sacris
1172 1218 1227 1285 per
1245 1199 1326 1266 mul·

93 1317 144 1374 tos
165 1326 323 1374 annorum
347 1308 544 1375 centenarios
560 1309 619 1376 froc
643 1327 718 1376 veru
741 1325 955 1394 germanoque
980 1307 1134 1392 Evangelii
1160 1324 1254 1372 seusu
1286 1306 1324 1372 ad

93 1433 195 1481 unum
220 1413 391 1493 destitutis,
415 1433 487 1481 eum
506 1432 591 1481 nurrc
613 1413 740 1482 demum
760 1415 789 1481 in
807 1423 942 1482 vestram
960 1413 1124 1480 factionem
1150 1413 1239 1480 istam
1257 1429 1325 1479 cue-

94 1521 170 1588 litus
193 1540 213 1587 a
235 1520 351 1606 spiritu
368 1529 476 1588 sancto
498 1520 660 1607 delapsum
678 1539 757 1600 esse,
774 1521 869 1607 idque
886 1521 935 1588 his
951 1520 1103 1587 extremis
1121 1537 1199 1604 pene
1215 1519 1324 1586 usundi

90 1627 216 1708 diebus,
231 1627 351 1714 quibus
373 1627 562 1694 Christus
535 1647 589 1694 vrx
608 1627 699 1694 fidem
717 1645 750 1696 se
768 1629 797 1695 in
816 1628 910 1695 terris
935 1627 1138 1693 inventurum
1156 1626 1325 1712 praedixit,
1349 1640 1401 1686 ιω.
1416 1641 1450 1694 tn
1425 1641 1494 1746 43⁸&

91 1743 189 1820 atque
206 1743 274 1801 turn
302 1734 513 1819 Evangelicae,
538 1742 605 1801 tum
630 1730 699 1819 (20)
723 1735 915 1820 spostolicae
939 1733 1046 1800 literae
1063 1734 1217 1818 plurimus
1234 1751 1326 1818 pseu·
1344 1695 1480 1845 unargus.
1438 1695 1480 1800 ft

93 1837 319 1923 dopropnetas
349 1836 613 1924 pseudochristus,
638 1838 804 1925 magistros
827 1837 992 1904 mendaces
1015 1845 1046 1903 et
1074 1837 1104 1903 id
1136 1855 1236 1922 genus
1266 1836 1326 1902 alia
1350 1855 1370 1898 ι.
1385 1855 1440 1899 rim
1456 1853 1476 1907 ι

91 1945 228 2030 pessim
253 1961 399 2030 quaeque
415 1943 523 2010 futura
548 1944 768 2011 vaticinantur.
793 1943 883 2028 Quod
906 1944 931 2010 si
961 1943 1033 2028 quis
1057 1951 1159 2010 tarnen
1186 1947 1324 2009 vestrum
1349 1908 1437 2006 ιιιηί
1445 1960 1496 2016 ι,ι.

89 2069 129 2117 eu
152 2050 272 2117 furoris
288 2058 320 2117 et
345 2049 487 2118 vesaniae
510 2051 742 2136 progrediatur,
775 2058 811 2116 ut
842 2049 871 2116 id
902 2052 949 2117 vel
981 2049 1084 2116 dicere
1109 2049 1157 2116 vel
1189 2049 1326 2134 cogitare

89 2158 187 2236 ausit,
212 2175 316 2223 noune
348 2156 509 2224 confestim
532 2158 560 2223 ei
584 2157 751 2224 obvenient
775 2156 889 2235 omnia,
917 2174 999 2242 qliae
1027 2155 1086 2222 iam
1104 2157 1200 2222 semel
1231 2157 1343 2240 alque

89 2265 209 2330 iterum
230 2263 424 2330 adduximus
447 2263 652 2342 incommoda,
676 2265 838 2342 nimirum,
863 2271 899 2330 ut
922 2282 978 2330 nec
1003 2263 1080 2331 noes
1112 2281 1168 2330 uec
1194 2263 1327 2330 Ecclesia

89 2366 247 2452 tantisper
272 2368 302 2432 in
327 2367 404 2434 orbe
419 2367 547 2446 fuerint,
572 2375 608 2435 ut
631 2368 738 2434 nullus
763 2368 942 2434 mortalium
968 2368 1088 2434 interca
1112 2369 1152 2434 sit
1175 2366 1213 2432 ad
1229 2375 1327 2432 aeter-

88 2491 164 2540 nam
182 2475 279 2540 vilam
307 2473 477 2558 ingressus,
494 2481 530 2541 ut
544 2474 680 2560 denique
696 2481 795 2541 totum
820 2475 895 2541 illud
912 2473 1130 2540 admirandum
1154 2473 1326 2540 dominicae

89 2579 319 2646 iucarnationis
343 2580 527 2666 mysterium
553 2579 583 2645 in
609 2580 743 2647 Ecclesia
766 2581 899 2647 salutem
932 2598 951 2646 a
982 2579 1143 2647 benedicta
1166 2587 1198 2646 et
1221 2587 1328 2646 sancta

87 2686 247 2753 Trinitate
270 2694 342 2753 ante
366 2687 472 2754 secxvla
495 2685 761 2772 praedestinatum
785 2695 880 2772 atque
904 2687 935 2752 in
962 2688 1111 2772 temporis
1134 2685 1327 2771 plenitudine

87 2801 347 2860 consummatum
365 2798 409 2858 tut
426 2793 540 2860 seculis
564 2793 805 2871 inconcessum
823 2801 854 2860 et
869 2793 988 2878 absque
1004 2793 1087 2858 omni
1112 2793 1218 2858 fructu
1237 2808 1326 2876 prae-

88 2899 225 2966 terierit.
252 2898 360 2978 Cuius,
383 2915 450 2976 uro,
474 2899 543 2984 piae
566 2917 660 2966 aures
683 2899 721 2965 ad
747 2899 924 2965 huiusmodi
950 2918 1010 2965 nou
1037 2899 1303 2984 perhorrescant?

183 3003 289 3089 Quidf
312 3005 397 3090 quud
421 3023 460 3072 ne
484 3025 568 3074 unias
591 3006 716 3092 quidem
743 3005 897 3091 Evangelii
922 3023 1034 3072 sensus
1057 3007 1087 3071 in
1112 3005 1171 3072 ista
1195 3003 1328 3072 factione

91 3118 200 3178 restra
225 3111 386 3178 habelllr?
408 3129 473 3197 quo
497 3113 593 3198 igitur
617 3119 707 3198 paolo
730 3130 880 3198 germana
907 3129 1045 3197 veraque
1069 3111 1223 3197 Evangelii
1257 3129 1326 3178 sen·

91 3217 203 3296 tentia,
226 3235 322 3302 quam
346 3225 493 3303 oportere
519 3236 613 3285 rvnam
638 3237 705 3286 esse
730 3219 760 3284 in
785 3219 845 3298 liis,
869 3236 950 3304 quae
974 3225 1049 3286 sunt
1069 3217 1151 3296 ndei,
1175 3218 1326 3298 diximus,

90 3343 110 3390 a
134 3324 251 3390 ceteris
273 3325 422 3391 omuibus
444 3325 482 3390 ad
508 3343 563 3392 vos
587 3325 669 3392 sulus
693 3324 922 3411 transfugerit?
946 3326 1051 3392 Nonne
1076 3325 1157 3392 inter
1183 3343 1247 3402 vos,
1271 3325 1325 3410 qui

91 3449 198 3516 rivrper
224 3430 312 3497 vobis
336 3430 593 3516 Evangelicurum
618 3449 732 3498 numen
749 3449 907 3516 usurpare
930 3432 1086 3518 coepistis,
1111 3431 1250 3516 primarii
1268 3431 1326 3497 dvr-

91 3555 146 3604 ces
169 3554 268 3622 super
291 3537 413 3622 aliquot
434 3537 590 3623 Evangelii
615 3537 700 3616 locis,
725 3545 756 3604 et
779 3538 818 3604 de
849 3539 944 3604 certis
967 3538 1157 3623 quibusdam
1181 3538 1327 3604 thematis

92 3663 156 3710 ιιοιι
180 3641 372 3710 dissentiunt
395 3643 496 3722 modo,
522 3662 631 3711 verum
656 3645 750 3712 etiam
774 3645 926 3711 acerrime
944 3651 1092 3730 nuquam
1118 3662 1176 3728 pro
1199 3643 1263 3708 aris
1287 3643 1328 3708 fo·

92 3751 203 3836 cisque
226 3749 433 3836 depugnant?
457 3750 531 3816 Nam
557 3758 592 3817 nt
616 3750 654 3818 de
679 3751 787 3817 multis
811 3769 910 3816 unuru
929 3751 1066 3836 exempli
1092 3767 1185 3816 rausa
1210 3749 1327 3835 proin-

92 3875 175 3936 cam,
198 3875 238 3922 arr
265 3875 326 3922 nun
351 3875 393 3923 ex
417 3857 467 3923 his
492 3875 570 3942 pene
595 3858 696 3924 tribus
722 3857 875 3942 Evangelii
903 3857 1023 3923 vorbis:
1043 3857 1111 3923 lloc
1135 3867 1182 3922 cst
1205 3877 1328 3944 corpu-s

92 3983 215 4040 ιιιιιιιιι,
244 3971 308 4030 tres
332 3963 423 4030 istius
446 3970 569 4032 vestrae
585 3964 727 4030 factionis
752 3964 899 4049 primipili
926 3964 1094 4040 lutherus,
1116 3965 1328 4030 Carulstvdius

93 4077 126 4136 et
148 4069 409 4154 Occulampadius
434 4069 559 4136 tolidem
584 4089 695 4137 sensus
720 4089 780 4136 nou
807 4071 898 4136 vnudo
920 4071 1072 4148 diversos,
1098 4089 1208 4136 verum
1232 4071 1325 4137 eliam

95 4179 177 4244 inter
200 4195 234 4244 se
258 4196 300 4242 ex
324 4177 478 4243 diametro
503 4180 705 4263 pugnanlcs¹
733 4177 902 4261 accipiunt,
926 4195 1043 4262 cosque
1066 4196 1176 4242 ovurvcs
1199 4177 1326 4262 uiridem

167 4427 283 4482 ‘Euris
302 4429 319 4480 F
340 4425 388 4480 lb:
410 4427 531 4480 Celerum
551 4435 576 4480 ct
597 4427 659 4480 illud
689 4425 795 4478 ruburul
821 4434 935 4478 nostram
963 4427 1041 4480 llrfcuv
1066 4433 1091 4478 ef
1120 4429 1327 4478 Erufvcravnnum

95 4517 220 4580 ‹lognralu
241 4516 360 4582 stirpitus
379 4516 503 4578 erudfcol,
522 4517 595 4582 (ruod
616 4515 686 4570 iuter·
705 4529 734 4569 sc
751 4531 786 4569 cu
805 4513 937 4568 diuutclro
957 4515 981 4567 iu
1011 4515 1062 4568 ilde
1080 4519 1212 4584 pupruvnl,
1237 4516 1328 4568 {niln-

1205 4621 1220 4675 l
