3390 5096
541 307 670 356 neurius
693 305 900 356 conconssus.
1273 292 1334 357 l69

85 439 280 511 cantuset
304 433 436 518 simplici
461 432 594 519 popello,
618 451 677 518 pro
707 451 772 518 quo
802 431 947 500 Christus
979 433 1057 502 mori
1086 451 1148 500 non
1172 432 1337 512 dubitarit,

85 537 201 622 ipsam
242 539 376 605 salutern
404 544 563 605 aeternam
588 546 692 604 restra
728 538 849 604 baeresi
885 545 916 604 et
952 537 1081 622 perfidia
1104 538 1283 624 eripientes
1304 525 1339 606 'et

84 661 217 710 eorum
240 644 363 711 animas
385 644 560 712 occidentes
582 651 678 729 atque
701 643 731 710 in
750 661 862 710 manus
877 644 1065 711 daemonum
1082 644 1250 725 tradentes,
1269 645 1338 730 Epi-

86 765 218 835 scopos
241 757 275 817 et
298 750 476 817 sacerdotes
498 765 648 818 accusare
672 768 732 815 non
757 749 908 816 veremini
945 749 1127 829 nebulones,
1151 751 1337 836 proditores,

85 854 190 922 tures
216 864 315 942 atque
339 857 487 935 latrones,
511 873 548 922 eo
579 855 715 935 nomine,
738 855 823 940 qnod
860 855 954 922 laicos
985 873 1046 922 usu
1077 857 1209 923 alterius
1240 858 1338 942 partis

85 961 294 1028 sacramenti
320 961 534 1029 Eucharistiae
558 960 739 1046 spoliarint;
764 969 942 1028 vestrarum
968 962 1072 1048 potios
1095 969 1164 1028 erat
1187 963 1337 1048 partium,

85 1067 272 1134 exhortari
298 1068 462 1153 populum,
486 1075 518 1134 et
548 1067 587 1134 ad
622 1068 752 1134 alteram
776 1068 911 1153 speciem
939 1067 1032 1152 digne
1055 1069 1250 1148 sumendam,
1274 1087 1338 1155 quo

84 1171 218 1240 darem
242 1191 383 1260 operam,
406 1192 468 1240 non
494 1180 556 1240 bru
581 1181 618 1240 nt
642 1174 737 1253 varie,
762 1191 856 1260 quam
890 1183 923 1240 ιιι
959 1173 1051 1259 digne
1083 1175 1143 1241 boc
1167 1175 1337 1242 venerabili

86 1289 304 1346 sacramento
327 1281 552 1366 participarent
567 1284 588 1360 ¹,
612 1287 644 1348 et
666 1281 705 1347 ad
729 1289 846 1348 rectam
873 1280 965 1347 iidem
984 1280 1171 1359 habendam,
1188 1298 1253 1366 quo
1268 1299 1338 1348 cre·

87 1385 218 1452 dereut
244 1386 437 1454 tantumdem
462 1387 605 1473 accipere
628 1386 690 1453 sub
718 1387 817 1454 altera
851 1388 964 1472 specie,
988 1392 1143 1472 qnantum
1167 1387 1227 1454 sub
1250 1396 1338 1454 utra·

89 1509 165 1576 que
193 1492 382 1570 sacerdotes,
405 1500 438 1560 et
461 1511 495 1560 se
517 1512 536 1559 a
559 1493 672 1560 missac
705 1493 824 1570 fructu,
860 1493 890 1559 in
926 1511 989 1578 qua
1021 1511 1079 1578 pro
1113 1494 1196 1559 omni
1221 1495 1338 1579 populo

90 1599 161 1665 boc
190 1606 424 1666 sacramentum
449 1600 481 1665 in
505 1607 642 1686 utraque
665 1599 768 1684 specie
792 1599 935 1678 ollertnr,
960 1599 1048 1666 nullo
1081 1607 1173 1685 pacto
1200 1600 1336 1666 alienum

91 1721 186 1783 esse,
212 1705 350 1771 manime
374 1723 460 1784 roro,
484 1705 567 1791 quod
592 1705 624 1771 in
650 1705 840 1790 Evangelicis
863 1723 990 1791 quoque
1014 1705 1218 1772 sacramentis
1243 1713 1337 1772 totam

94 1809 298 1878 iustificandi
321 1807 412 1896 (136)
436 1811 585 1878 virtutem
612 1811 665 1877 uni
689 1811 811 1896 solique
837 1811 906 1878 fidei
933 1811 1081 1890 tribuitis,
1105 1813 1339 1878 sacramentali·

94 1916 167 1983 bus
191 1925 298 1984 autem
333 1917 431 2002 signis
465 1917 553 1984 nibil.
579 1919 696 1984 Verum
730 1918 872 1984 bomines
894 1917 931 1984 ad
956 1918 1033 1984 nibil
1057 1917 1156 2004 magis
1179 1936 1274 2004 quam
1299 1918 1338 1984 ad
1372 1934 1377 1942 ·

95 2023 291 2090 seditionem
323 2024 399 2103 nati,
432 2025 536 2109 potius
570 2023 676 2104 vultis,
702 2024 783 2091 istud
808 2025 960 2109 populare
983 2024 1095 2110 dogma
1120 2023 1337 2110 praedicando,

96 2129 194 2214 rulgi
219 2129 357 2196 favorem
381 2147 536 2216 quaerere
559 2130 731 2216 odiumque
763 2139 793 2197 et
817 2129 963 2196 invidiam
988 2131 1056 2197 olus
1080 2131 1111 2197 in
1135 2131 1257 2198 clerum
1280 2150 1338 2197 ex-

97 2235 217 2314 citare,
234 2253 329 2321 quam
346 2237 456 2304 matris
479 2237 632 2305 Ecclesiae
655 2237 913 2304 consuetudinem
939 2237 1098 2322 sequendo
1121 2255 1240 2323 pacem,
1264 2255 1338 2304 con·

96 2341 246 2408 cordiam
270 2349 302 2409 et
326 2343 477 2410 unitatem
501 2361 698 2411 conservare.

197 2449 344 2516 Ceterum
369 2467 472 2535 neque
495 2450 546 2516 bic
570 2457 627 2530 est,
650 2468 714 2536 qno
737 2451 865 2536 gloriari
891 2451 1014 2536 possitis
1039 2451 1068 2516 in
1093 2451 1209 2516 malitia
1233 2459 1337 2517 restra
1360 2466 1497 2564 offigunt

101 2573 167 2624 ceu
194 2556 265 2622 novi
290 2556 443 2642 dogmatis
465 2564 620 2624 auctores,
645 2556 697 2624 Est
712 2558 795 2624 enim
813 2558 952 2624 baeresis
969 2558 1123 2623 maiorum
1146 2565 1336 2634 vestrorum,
1369 2572 1488 2618 ιιιιιιιω

101 2679 222 2748 nempe
247 2661 473 2728 Violericorum
498 2669 528 2728 et
552 2662 788 2742 llussianorurn,
812 2663 927 2748 duplici
956 2663 1086 2729 concilio
1109 2662 1257 2748 generali,
1281 2663 1337 2728 Ba·
1399 2637 1455 2670 Μ’

100 2768 201 2835 sileae
226 2767 369 2834 videlicet
391 2775 423 2834 et
445 2767 643 2834 Constantine
666 2768 823 2834 celebrato
846 2768 1061 2835 condemnata.
1090 2769 1158 2852 Qua
1181 2767 1219 2835 de
1242 2786 1338 2835 causa

101 2874 219 2958 utique
245 2873 295 2940 bic
318 2873 472 2940 articulus
496 2873 664 2942 iustissime
688 2874 776 2940 robis
800 2875 859 2941 luit
881 2875 1033 2953 obiectus
1051 2883 1117 2940 tum
1136 2882 1170 2940 ut
1186 2875 1338 2941 schisma-

105 2979 202 3058 ticus,
228 2984 386 3064 queuntis
413 2977 454 3045 ab
488 2979 675 3046 universalis
707 2980 860 3048 Ecclesiae
895 2981 958 3046 ritu
990 2979 1172 3059 dissentitis,
1197 2987 1264 3046 tum
1302 2987 1338 3046 ιιι

104 3083 300 3162 haereticus
323 3092 479 3170 quatenus
503 3085 580 3152 laiso
612 3087 876 3172 pertinaciterque
907 3086 1045 3166 creditis,
1069 3095 1239 3171 utramque
1267 3104 1337 3172 spe-

105 3191 188 3259 ciem
215 3189 429 3258 Eucharistiae
455 3191 539 3258 laicis
561 3192 599 3259 ad
624 3193 756 3258 salutem
781 3210 848 3258 esso
872 3193 1089 3259 necessariam.

488 3403 692 3471 annicetus
718 3403 968 3471 llb'OllEClllUS.

197 3615 316 3684 Omnes
338 3615 531 3683 Christianos
555 3617 723 3703 utriusque
746 3635 844 3683 sexus
867 3634 935 3682 esse
959 3615 1136 3682 sacerdotes
1148 3617 1171 3681 ².
1356 3633 1387 3680 o·
1401 3632 1499 3732 ιῆῗιιο-

636 3776 812 3866 Responsio.

200 3939 282 4004 llanc
305 3955 374 4005 esse
398 3944 536 4004 nostram
559 3937 732 4005 doctrinam
759 3937 885 4004 minime
909 3937 1093 4015 dillitemnr,
1117 3957 1211 4024 quam
1237 3955 1337 4006 sacra·

106 4063 182 4114 rum
207 4045 370 4113 literarum
395 4045 572 4112 testimonio
596 4063 654 4131 pro
678 4045 758 4111 virili
792 4052 897 4111 nostra
933 4044 1138 4112 defendemus
1163 4047 1191 4110 l.
1218 4045 1279 4112 Pet.
1305 4048 1336 4111 l.

181 4309 191 4342 ¹
213 4310 294 4368 Encb.
311 4315 332 4366 G
351 4311 403 4367 lb:
423 4313 450 4367 ld
470 4315 555 4379 magis
567 4313 723 4378 curandum,
736 4315 767 4368 ut
778 4311 866 4382 digne,
880 4325 963 4382 qaum
973 4314 1004 4365 ut
1017 4309 1091 4365 roric
1103 4312 1338 4366 communicemus.

180 4399 191 4432 ¹
210 4399 249 4455 Gl.
270 4401 352 4458 Encb.
370 4416 394 4456 c.
415 4403 463 4455 lb:
483 4403 519 4456 De
537 4402 685 4456 sacerdotio
705 4403 821 4455 lldolinm
841 4402 951 4468 interno,
969 4409 996 4456 et
1012 4403 1199 4466 Ecclesiastico,
1212 4401 1339 4470 quodque

108 4503 160 4544 nou
179 4503 273 4544 omnes
291 4491 381 4546 lideles
400 4493 586 4546 Ecclesiasticis
604 4491 684 4545 rebus
702 4491 820 4558 deputati
840 4499 910 4546 sunt.
