<?xml version="1.0" encoding="UTF-8"?>
<!DOCTYPE html PUBLIC "-//W3C//DTD XHTML 1.0 Transitional//EN"
    "http://www.w3.org/TR/xhtml1/DTD/xhtml1-transitional.dtd">
<html xmlns="http://www.w3.org/1999/xhtml" xml:lang="en" lang="en">
 <head>
  <title>
</title>
<meta http-equiv="Content-Type" content="text/html;charset=utf-8" />
  <meta name='ocr-system' content='tesseract 3.04.00' />
  <meta name='ocr-capabilities' content='ocr_page ocr_carea ocr_par ocr_line ocrx_word'/>
</head>
<body>
  <div class='ocr_page' id='page_1' title='image "./confutatioluthe01schmgoog_0121.png"; bbox 0 0 3364 5092; ppageno 0'>
   <div class='ocr_carea' id='block_1_1' title="bbox 520 310 1317 378">
    <p class='ocr_par' dir='ltr' id='par_1_1' title="bbox 520 310 1317 378">
     <span class='ocr_line' id='line_1_1' title="bbox 520 310 1317 378; baseline 0.003 -2"><span class='ocrx_word' id='word_1_1' title='bbox 520 329 650 378; x_wconf 81' lang='lat' dir='ltr'>rannus</span> <span class='ocrx_word' id='word_1_2' title='bbox 672 327 879 378; x_wconf 80' lang='lat' dir='ltr'>conpressus.</span> <span class='ocrx_word' id='word_1_3' title='bbox 1255 310 1317 378; x_wconf 81' lang='lat' dir='ltr'>tua</span> 
     </span>
    </p>
   </div>
   <div class='ocr_carea' id='block_1_2' title="bbox 84 423 1492 4580">
    <p class='ocr_par' dir='ltr' id='par_1_2' title="bbox 84 423 1489 2774">
     <span class='ocr_line' id='line_1_2' title="bbox 90 423 1466 540; baseline -0.002 -26"><span class='ocrx_word' id='word_1_4' title='bbox 90 423 203 533; x_wconf 78' lang='lat' dir='ltr'>pintus</span> <span class='ocrx_word' id='word_1_5' title='bbox 243 453 455 540; x_wconf 85' lang='lat' dir='ltr'>Quicquida</span> <span class='ocrx_word' id='word_1_6' title='bbox 436 453 604 521; x_wconf 86' lang='lat' dir='ltr'>aCbristi</span> <span class='ocrx_word' id='word_1_7' title='bbox 643 454 759 521; x_wconf 83' lang='lat' dir='ltr'>vicario</span> <span class='ocrx_word' id='word_1_8' title='bbox 790 453 919 540; x_wconf 81' lang='lat' dir='ltr'>ligatum</span> <span class='ocrx_word' id='word_1_9' title='bbox 951 453 1154 521; x_wconf 83' lang='lat' dir='ltr'>solutumve</span> <span class='ocrx_word' id='word_1_10' title='bbox 1151 454 1293 522; x_wconf 87' lang='lat' dir='ltr'>luerit</span> <span class='ocrx_word' id='word_1_11' title='bbox 1286 473 1317 521; x_wconf 91' lang='grc' dir='ltr'>ιιι</span> <span class='ocrx_word' id='word_1_12' title='bbox 1342 469 1418 514; x_wconf 78' lang='grc' dir='ltr'>ιιιιιι.</span> <span class='ocrx_word' id='word_1_13' title='bbox 1433 469 1466 522; x_wconf 82' lang='lat' dir='ltr'>ro,</span> 
     </span>
     <span class='ocr_line' id='line_1_3' title="bbox 91 525 1486 647; baseline 0 -26"><span class='ocrx_word' id='word_1_14' title='bbox 91 557 191 637; x_wconf 87' lang='lat' dir='ltr'>terris,</span> <span class='ocrx_word' id='word_1_15' title='bbox 215 561 451 632; x_wconf 72' lang='lat' dir='ltr'>consimiliter</span> <span class='ocrx_word' id='word_1_16' title='bbox 445 579 476 627; x_wconf 87' lang='lat' dir='ltr'>ru</span> <span class='ocrx_word' id='word_1_17' title='bbox 500 561 595 628; x_wconf 87' lang='lat' dir='ltr'>coelis</span> <span class='ocrx_word' id='word_1_18' title='bbox 610 579 678 628; x_wconf 92' lang='lat' dir='ltr'>esse</span> <span class='ocrx_word' id='word_1_19' title='bbox 702 561 831 647; x_wconf 82' lang='lat' dir='ltr'>ligatum</span> <span class='ocrx_word' id='word_1_20' title='bbox 856 567 912 628; x_wconf 91' lang='lat' dir='ltr'>aut</span> <span class='ocrx_word' id='word_1_21' title='bbox 934 561 1092 638; x_wconf 89' lang='lat' dir='ltr'>solutum;</span> <span class='ocrx_word' id='word_1_22' title='bbox 1116 561 1170 647; x_wconf 94' lang='lat' dir='ltr'>qui</span> <span class='ocrx_word' id='word_1_23' title='bbox 1198 561 1319 646; x_wconf 89' lang='lat' dir='ltr'>spernit</span> <span class='ocrx_word' id='word_1_24' title='bbox 1341 525 1401 622; x_wconf 70' lang='lat' dir='ltr'>ine.¹</span> <span class='ocrx_word' id='word_1_25' title='bbox 1403 525 1442 630; x_wconf 78' lang='lat' dir='ltr'>b,</span> <span class='ocrx_word' id='word_1_26' title='bbox 1453 576 1486 619; x_wconf 86' lang='lat' dir='ltr'>ro.</span> 
     </span>
     <span class='ocr_line' id='line_1_4' title="bbox 88 665 1319 752; baseline 0.005 -24.015"><span class='ocrx_word' id='word_1_27' title='bbox 88 666 307 748; x_wconf 68' lang='lat' dir='ltr'>Apostolorum</span> <span class='ocrx_word' id='word_1_28' title='bbox 331 685 539 746; x_wconf 77' lang='lat' dir='ltr'>successores</span> <span class='ocrx_word' id='word_1_29' title='bbox 563 668 656 734; x_wconf 89' lang='lat' dir='ltr'>etiam</span> <span class='ocrx_word' id='word_1_30' title='bbox 686 665 846 734; x_wconf 81' lang='lat' dir='ltr'>Christum</span> <span class='ocrx_word' id='word_1_31' title='bbox 870 684 1029 752; x_wconf 92' lang='lat' dir='ltr'>spernere.</span> <span class='ocrx_word' id='word_1_32' title='bbox 1055 703 1097 718; x_wconf 93' lang='lat'><em>-</em></span> <span class='ocrx_word' id='word_1_33' title='bbox 1121 667 1190 751; x_wconf 84' lang='lat' dir='ltr'>Quo</span> <span class='ocrx_word' id='word_1_34' title='bbox 1221 667 1319 752; x_wconf 83' lang='lat' dir='ltr'>igitur</span> 
     </span>
     <span class='ocr_line' id='line_1_5' title="bbox 87 773 1318 859; baseline 0.003 -23"><span class='ocrx_word' id='word_1_35' title='bbox 87 778 176 854; x_wconf 87' lang='lat' dir='ltr'>pacto</span> <span class='ocrx_word' id='word_1_36' title='bbox 201 773 273 839; x_wconf 89' lang='lat' dir='ltr'>lieri</span> <span class='ocrx_word' id='word_1_37' title='bbox 300 781 410 858; x_wconf 90' lang='lat' dir='ltr'>potest,</span> <span class='ocrx_word' id='word_1_38' title='bbox 434 782 470 840; x_wconf 92' lang='lat' dir='ltr'>ut</span> <span class='ocrx_word' id='word_1_39' title='bbox 493 791 690 840; x_wconf 89' lang='lat' dir='ltr'>summorum</span> <span class='ocrx_word' id='word_1_40' title='bbox 716 773 899 840; x_wconf 84' lang='lat' dir='ltr'>Pontificum</span> <span class='ocrx_word' id='word_1_41' title='bbox 923 773 1123 859; x_wconf 90' lang='lat' dir='ltr'>aliorumque</span> <span class='ocrx_word' id='word_1_42' title='bbox 1150 791 1318 858; x_wconf 88' lang='lat' dir='ltr'>procerum</span> 
     </span>
     <span class='ocr_line' id='line_1_6' title="bbox 88 875 1319 966; baseline 0.005 -26"><span class='ocrx_word' id='word_1_43' title='bbox 88 875 377 946; x_wconf 81' lang='lat' dir='ltr'>Ecclesiastieorum</span> <span class='ocrx_word' id='word_1_44' title='bbox 401 879 537 958; x_wconf 87' lang='lat' dir='ltr'>decreta,</span> <span class='ocrx_word' id='word_1_45' title='bbox 561 897 699 966; x_wconf 92' lang='lat' dir='ltr'>quorum</span> <span class='ocrx_word' id='word_1_46' title='bbox 725 881 771 946; x_wconf 85' lang='lat' dir='ltr'>vis</span> <span class='ocrx_word' id='word_1_47' title='bbox 792 878 874 965; x_wconf 91' lang='lat' dir='ltr'>apud</span> <span class='ocrx_word' id='word_1_48' title='bbox 897 881 996 948; x_wconf 86' lang='lat' dir='ltr'>Deum</span> <span class='ocrx_word' id='word_1_49' title='bbox 1021 879 1051 945; x_wconf 92' lang='lat' dir='ltr'>in</span> <span class='ocrx_word' id='word_1_50' title='bbox 1076 881 1161 946; x_wconf 89' lang='lat' dir='ltr'>coelo</span> <span class='ocrx_word' id='word_1_51' title='bbox 1178 886 1246 946; x_wconf 88' lang='lat' dir='ltr'>rata</span> <span class='ocrx_word' id='word_1_52' title='bbox 1261 887 1319 958; x_wconf 91' lang='lat' dir='ltr'>est,</span> 
     </span>
     <span class='ocr_line' id='line_1_7' title="bbox 85 986 1319 1072; baseline 0.003 -24"><span class='ocrx_word' id='word_1_53' title='bbox 85 991 114 1048; x_wconf 91' lang='lat' dir='ltr'>et</span> <span class='ocrx_word' id='word_1_54' title='bbox 136 1001 282 1068; x_wconf 89' lang='lat' dir='ltr'>qnorum</span> <span class='ocrx_word' id='word_1_55' title='bbox 306 993 488 1072; x_wconf 85' lang='lat' dir='ltr'>contemptu</span> <span class='ocrx_word' id='word_1_56' title='bbox 512 987 596 1054; x_wconf 88' lang='lat' dir='ltr'>Dens</span> <span class='ocrx_word' id='word_1_57' title='bbox 619 986 686 1071; x_wconf 89' lang='lat' dir='ltr'>ipse</span> <span class='ocrx_word' id='word_1_58' title='bbox 710 987 939 1065; x_wconf 70' lang='lat' dir='ltr'>contemnitur„</span> <span class='ocrx_word' id='word_1_59' title='bbox 958 987 988 1052; x_wconf 93' lang='lat' dir='ltr'>in</span> <span class='ocrx_word' id='word_1_60' title='bbox 1012 986 1081 1052; x_wconf 87' lang='lat' dir='ltr'>loro</span> <span class='ocrx_word' id='word_1_61' title='bbox 1101 986 1319 1064; x_wconf 85' lang='lat' dir='ltr'>eonscientiae,</span> 
     </span>
     <span class='ocr_line' id='line_1_8' title="bbox 84 1089 1320 1178; baseline 0.002 -24"><span class='ocrx_word' id='word_1_62' title='bbox 84 1089 167 1173; x_wconf 93' lang='lat' dir='ltr'>quod</span> <span class='ocrx_word' id='word_1_63' title='bbox 193 1098 246 1158; x_wconf 88' lang='lat' dir='ltr'>est</span> <span class='ocrx_word' id='word_1_64' title='bbox 268 1093 357 1178; x_wconf 85' lang='lat' dir='ltr'>quasi</span> <span class='ocrx_word' id='word_1_65' title='bbox 383 1093 436 1160; x_wconf 87' lang='lat' dir='ltr'>Dei</span> <span class='ocrx_word' id='word_1_66' title='bbox 454 1093 604 1172; x_wconf 91' lang='lat' dir='ltr'>tribunal,</span> <span class='ocrx_word' id='word_1_67' title='bbox 620 1111 681 1160; x_wconf 93' lang='lat' dir='ltr'>non</span> <span class='ocrx_word' id='word_1_68' title='bbox 698 1093 919 1178; x_wconf 78' lang='lat' dir='ltr'>obstringant?</span> <span class='ocrx_word' id='word_1_69' title='bbox 939 1093 1019 1177; x_wconf 85' lang='lat' dir='ltr'>Quid</span> <span class='ocrx_word' id='word_1_70' title='bbox 1043 1092 1126 1178; x_wconf 94' lang='lat' dir='ltr'>quod</span> <span class='ocrx_word' id='word_1_71' title='bbox 1150 1091 1213 1158; x_wconf 86' lang='lat' dir='ltr'>diro</span> <span class='ocrx_word' id='word_1_72' title='bbox 1232 1092 1320 1177; x_wconf 89' lang='lat' dir='ltr'>priu-</span> 
     </span>
     <span class='ocr_line' id='line_1_9' title="bbox 85 1195 1319 1285; baseline 0.004 -26"><span class='ocrx_word' id='word_1_73' title='bbox 85 1195 170 1279; x_wconf 88' lang='lat' dir='ltr'>cipes</span> <span class='ocrx_word' id='word_1_74' title='bbox 194 1199 428 1283; x_wconf 71' lang='lat' dir='ltr'>Apostolorum,</span> <span class='ocrx_word' id='word_1_75' title='bbox 453 1201 563 1267; x_wconf 81' lang='lat' dir='ltr'>Petrus</span> <span class='ocrx_word' id='word_1_76' title='bbox 586 1207 617 1268; x_wconf 89' lang='lat' dir='ltr'>et</span> <span class='ocrx_word' id='word_1_77' title='bbox 641 1200 766 1280; x_wconf 88' lang='lat' dir='ltr'>Paulus,</span> <span class='ocrx_word' id='word_1_78' title='bbox 798 1200 882 1266; x_wconf 91' lang='lat' dir='ltr'>baud</span> <span class='ocrx_word' id='word_1_79' title='bbox 906 1217 998 1268; x_wconf 86' lang='lat' dir='ltr'>secus</span> <span class='ocrx_word' id='word_1_80' title='bbox 1019 1219 1056 1266; x_wconf 87' lang='lat' dir='ltr'>ae</span> <span class='ocrx_word' id='word_1_81' title='bbox 1083 1219 1124 1267; x_wconf 82' lang='lat' dir='ltr'>ex</span> <span class='ocrx_word' id='word_1_82' title='bbox 1148 1199 1319 1285; x_wconf 84' lang='lat' dir='ltr'>composito</span> 
     </span>
     <span class='ocr_line' id='line_1_10' title="bbox 86 1301 1317 1392; baseline 0.003 -26"><span class='ocrx_word' id='word_1_83' title='bbox 86 1301 236 1370; x_wconf 87' lang='lat' dir='ltr'>baeresiu</span> <span class='ocrx_word' id='word_1_84' title='bbox 260 1305 351 1372; x_wconf 91' lang='lat' dir='ltr'>istam</span> <span class='ocrx_word' id='word_1_85' title='bbox 386 1312 605 1391; x_wconf 81' lang='lat' dir='ltr'>oppugnantes</span> <span class='ocrx_word' id='word_1_86' title='bbox 636 1323 730 1392; x_wconf 90' lang='lat' dir='ltr'>quarn</span> <span class='ocrx_word' id='word_1_87' title='bbox 762 1306 960 1391; x_wconf 91' lang='lat' dir='ltr'>apertissime</span> <span class='ocrx_word' id='word_1_88' title='bbox 983 1306 1105 1385; x_wconf 84' lang='lat' dir='ltr'>ducent,</span> <span class='ocrx_word' id='word_1_89' title='bbox 1129 1325 1190 1371; x_wconf 92' lang='lat' dir='ltr'>non</span> <span class='ocrx_word' id='word_1_90' title='bbox 1216 1304 1317 1371; x_wconf 89' lang='lat' dir='ltr'>solum</span> 
     </span>
     <span class='ocr_line' id='line_1_11' title="bbox 85 1405 1319 1497; baseline 0.004 -26"><span class='ocrx_word' id='word_1_91' title='bbox 85 1405 125 1472; x_wconf 92' lang='lat' dir='ltr'>ob</span> <span class='ocrx_word' id='word_1_92' title='bbox 147 1409 334 1476; x_wconf 85' lang='lat' dir='ltr'>evitandum</span> <span class='ocrx_word' id='word_1_93' title='bbox 358 1411 594 1491; x_wconf 79' lang='lat' dir='ltr'>offendiculum,</span> <span class='ocrx_word' id='word_1_94' title='bbox 618 1411 672 1478; x_wconf 92' lang='lat' dir='ltr'>sed</span> <span class='ocrx_word' id='word_1_95' title='bbox 695 1411 788 1478; x_wconf 89' lang='lat' dir='ltr'>etiarn</span> <span class='ocrx_word' id='word_1_96' title='bbox 806 1419 936 1497; x_wconf 92' lang='lat' dir='ltr'>propter</span> <span class='ocrx_word' id='word_1_97' title='bbox 959 1412 1178 1478; x_wconf 89' lang='lat' dir='ltr'>conscientiam</span> <span class='ocrx_word' id='word_1_98' title='bbox 1203 1411 1319 1496; x_wconf 89' lang='lat' dir='ltr'>primo-</span> 
     </span>
     <span class='ocr_line' id='line_1_12' title="bbox 86 1513 1319 1604; baseline 0.004 -27"><span class='ocrx_word' id='word_1_99' title='bbox 86 1513 178 1580; x_wconf 85' lang='lat' dir='ltr'>ribus</span> <span class='ocrx_word' id='word_1_100' title='bbox 203 1517 449 1603; x_wconf 83' lang='lat' dir='ltr'>quibuscunque</span> <span class='ocrx_word' id='word_1_101' title='bbox 472 1517 647 1604; x_wconf 89' lang='lat' dir='ltr'>pareudurn</span> <span class='ocrx_word' id='word_1_102' title='bbox 671 1525 762 1586; x_wconf 81' lang='lat' dir='ltr'>esse?</span> <span class='ocrx_word' id='word_1_103' title='bbox 786 1519 860 1584; x_wconf 88' lang='lat' dir='ltr'>Nam</span> <span class='ocrx_word' id='word_1_104' title='bbox 887 1519 997 1584; x_wconf 82' lang='lat' dir='ltr'>Petrus</span> <span class='ocrx_word' id='word_1_105' title='bbox 1021 1518 1074 1584; x_wconf 92' lang='lat' dir='ltr'>ubi</span> <span class='ocrx_word' id='word_1_106' title='bbox 1099 1517 1319 1603; x_wconf 87' lang='lat' dir='ltr'>praecepisset,</span> 
     </span>
     <span class='ocr_line' id='line_1_13' title="bbox 86 1621 1321 1709; baseline 0.003 -24"><span class='ocrx_word' id='word_1_107' title='bbox 86 1621 172 1703; x_wconf 93' lang='lat' dir='ltr'>qnod</span> <span class='ocrx_word' id='word_1_108' title='bbox 198 1622 314 1689; x_wconf 90' lang='lat' dir='ltr'>subditi</span> <span class='ocrx_word' id='word_1_109' title='bbox 339 1641 481 1690; x_wconf 87' lang='lat' dir='ltr'>essemus</span> <span class='ocrx_word' id='word_1_110' title='bbox 503 1624 766 1709; x_wconf 81' lang='lat' dir='ltr'>praecellentibus</span> <span class='ocrx_word' id='word_1_111' title='bbox 789 1624 969 1709; x_wconf 86' lang='lat' dir='ltr'>quibusque</span> <span class='ocrx_word' id='word_1_112' title='bbox 986 1625 1166 1690; x_wconf 88' lang='lat' dir='ltr'>bominibus</span> <span class='ocrx_word' id='word_1_113' title='bbox 1191 1641 1250 1690; x_wconf 94' lang='lat' dir='ltr'>non</span> <span class='ocrx_word' id='word_1_114' title='bbox 1269 1623 1321 1689; x_wconf 82' lang='lat' dir='ltr'>Ee·</span> 
     </span>
     <span class='ocr_line' id='line_1_14' title="bbox 86 1726 1320 1816; baseline 0.006 -27"><span class='ocrx_word' id='word_1_115' title='bbox 86 1726 271 1796; x_wconf 87' lang='lat' dir='ltr'>clesiasticis</span> <span class='ocrx_word' id='word_1_116' title='bbox 294 1729 397 1808; x_wconf 93' lang='lat' dir='ltr'>modo,</span> <span class='ocrx_word' id='word_1_117' title='bbox 414 1747 526 1798; x_wconf 86' lang='lat' dir='ltr'>rerum</span> <span class='ocrx_word' id='word_1_118' title='bbox 543 1732 636 1798; x_wconf 90' lang='lat' dir='ltr'>etiam</span> <span class='ocrx_word' id='word_1_119' title='bbox 660 1731 868 1809; x_wconf 88' lang='lat' dir='ltr'>secularibus,</span> <span class='ocrx_word' id='word_1_120' title='bbox 884 1731 984 1816; x_wconf 87' lang='lat' dir='ltr'>iisque</span> <span class='ocrx_word' id='word_1_121' title='bbox 1001 1749 1062 1796; x_wconf 91' lang='lat' dir='ltr'>non</span> <span class='ocrx_word' id='word_1_122' title='bbox 1081 1730 1170 1798; x_wconf 89' lang='lat' dir='ltr'>bonis</span> <span class='ocrx_word' id='word_1_123' title='bbox 1188 1738 1320 1808; x_wconf 80' lang='lat' dir='ltr'>tannim,</span> 
     </span>
     <span class='ocr_line' id='line_1_15' title="bbox 89 1831 1489 1925; baseline 0.003 -27"><span class='ocrx_word' id='word_1_124' title='bbox 89 1831 142 1898; x_wconf 86' lang='lat' dir='ltr'>scd</span> <span class='ocrx_word' id='word_1_125' title='bbox 166 1836 262 1902; x_wconf 89' lang='lat' dir='ltr'>etiarn</span> <span class='ocrx_word' id='word_1_126' title='bbox 288 1837 405 1921; x_wconf 90' lang='lat' dir='ltr'>pravis,</span> <span class='ocrx_word' id='word_1_127' title='bbox 429 1837 558 1906; x_wconf 86' lang='lat' dir='ltr'>adiecit:</span> <span class='ocrx_word' id='word_1_128' title='bbox 584 1837 671 1904; x_wconf 86' lang='lat' dir='ltr'>Nam</span> <span class='ocrx_word' id='word_1_129' title='bbox 695 1835 775 1903; x_wconf 86' lang='lat' dir='ltr'>llaec</span> <span class='ocrx_word' id='word_1_130' title='bbox 798 1847 843 1904; x_wconf 83' lang='lat' dir='ltr'>ecl</span> <span class='ocrx_word' id='word_1_131' title='bbox 873 1837 1003 1922; x_wconf 82' lang='lat' dir='ltr'>pretio,</span> <span class='ocrx_word' id='word_1_132' title='bbox 1033 1837 1066 1902; x_wconf 82' lang='lat' dir='ltr'>si</span> <span class='ocrx_word' id='word_1_133' title='bbox 1088 1837 1163 1925; x_wconf 84' lang='lat' dir='ltr'>quis</span> <span class='ocrx_word' id='word_1_134' title='bbox 1182 1846 1320 1923; x_wconf 84' lang='lat' dir='ltr'>propter</span> <span class='ocrx_word' id='word_1_135' title='bbox 1339 1852 1359 1896; x_wconf 83' lang='grc' dir='ltr'>ι.</span> <span class='ocrx_word' id='word_1_136' title='bbox 1369 1851 1414 1897; x_wconf 80' lang='lat' dir='ltr'>ro.</span> <span class='ocrx_word' id='word_1_137' title='bbox 1425 1851 1489 1903; x_wconf 73' lang='lat' dir='ltr'>su.</span> 
     </span>
     <span class='ocr_line' id='line_1_16' title="bbox 89 1941 1404 2032; baseline 0.005 -31"><span class='ocrx_word' id='word_1_138' title='bbox 89 1942 325 2008; x_wconf 82' lang='lat' dir='ltr'>conscientiam</span> <span class='ocrx_word' id='word_1_139' title='bbox 345 1943 404 2010; x_wconf 84' lang='lat' dir='ltr'>Dei</span> <span class='ocrx_word' id='word_1_140' title='bbox 417 1941 533 2031; x_wconf 70' lang='lat' dir='ltr'>cessat</span> <span class='ocrx_word' id='word_1_141' title='bbox 548 1943 725 2010; x_wconf 82' lang='lat' dir='ltr'>molestias.</span> <span class='ocrx_word' id='word_1_142' title='bbox 752 1945 865 2010; x_wconf 84' lang='lat' dir='ltr'>Paulus</span> <span class='ocrx_word' id='word_1_143' title='bbox 883 1961 967 2022; x_wconf 86' lang='lat' dir='ltr'>vero,</span> <span class='ocrx_word' id='word_1_144' title='bbox 985 1951 1186 2028; x_wconf 87' lang='lat' dir='ltr'>posteaquam</span> <span class='ocrx_word' id='word_1_145' title='bbox 1211 1942 1318 2008; x_wconf 88' lang='lat' dir='ltr'>eodem</span> <span class='ocrx_word' id='word_1_146' title='bbox 1400 2023 1404 2032; x_wconf 30' lang='grc' dir='ltr'>Ι</span> 
     </span>
     <span class='ocr_line' id='line_1_17' title="bbox 90 2045 1465 2162; baseline -0.001 -55"><span class='ocrx_word' id='word_1_147' title='bbox 90 2045 276 2116; x_wconf 83' lang='lat' dir='ltr'>cohortatus</span> <span class='ocrx_word' id='word_1_148' title='bbox 299 2057 392 2128; x_wconf 86' lang='lat' dir='ltr'>esset,</span> <span class='ocrx_word' id='word_1_149' title='bbox 417 2049 459 2116; x_wconf 89' lang='lat' dir='ltr'>ita</span> <span class='ocrx_word' id='word_1_150' title='bbox 482 2049 666 2116; x_wconf 89' lang='lat' dir='ltr'>subintulit:</span> <span class='ocrx_word' id='word_1_151' title='bbox 693 2051 813 2135; x_wconf 80' lang='lat' dir='ltr'>Quinpi</span> <span class='ocrx_word' id='word_1_152' title='bbox 813 2059 905 2135; x_wconf 85' lang='lat' dir='ltr'>apter</span> <span class='ocrx_word' id='word_1_153' title='bbox 928 2059 1052 2136; x_wconf 86' lang='lat' dir='ltr'>oportet</span> <span class='ocrx_word' id='word_1_154' title='bbox 1076 2049 1225 2116; x_wconf 85' lang='lat' dir='ltr'>subditos</span> <span class='ocrx_word' id='word_1_155' title='bbox 1254 2067 1321 2114; x_wconf 86' lang='lat' dir='ltr'>esse</span> <span class='ocrx_word' id='word_1_156' title='bbox 1355 2065 1416 2162; x_wconf 54' lang='lat' dir='ltr'>unp.</span> <span class='ocrx_word' id='word_1_157' title='bbox 1432 2064 1465 2116; x_wconf 85' lang='lat' dir='ltr'>ra,</span> 
     </span>
     <span class='ocr_line' id='line_1_18' title="bbox 91 2155 1320 2242; baseline 0.002 -24"><span class='ocrx_word' id='word_1_158' title='bbox 91 2155 308 2232; x_wconf 80' lang='lat' dir='ltr'>potestatibus</span> <span class='ocrx_word' id='word_1_159' title='bbox 330 2155 660 2240; x_wconf 82' lang='lat' dir='ltr'>supereminentibus,</span> <span class='ocrx_word' id='word_1_160' title='bbox 683 2175 750 2222; x_wconf 87' lang='lat' dir='ltr'>nou</span> <span class='ocrx_word' id='word_1_161' title='bbox 780 2157 889 2222; x_wconf 79' lang='lat' dir='ltr'>coliem</span> <span class='ocrx_word' id='word_1_162' title='bbox 909 2165 1046 2242; x_wconf 76' lang='lat' dir='ltr'>propter</span> <span class='ocrx_word' id='word_1_163' title='bbox 1077 2156 1180 2233; x_wconf 83' lang='lat' dir='ltr'>irum,</span> <span class='ocrx_word' id='word_1_164' title='bbox 1205 2173 1320 2220; x_wconf 69' lang='lat' dir='ltr'>iterum</span> 
     </span>
     <span class='ocr_line' id='line_1_19' title="bbox 93 2259 1321 2348; baseline 0.003 -26"><span class='ocrx_word' id='word_1_165' title='bbox 93 2259 193 2326; x_wconf 84' lang='lat' dir='ltr'>etium</span> <span class='ocrx_word' id='word_1_166' title='bbox 207 2271 345 2346; x_wconf 83' lang='lat' dir='ltr'>propter·</span> <span class='ocrx_word' id='word_1_167' title='bbox 360 2262 604 2328; x_wconf 82' lang='lat' dir='ltr'>conscientiam.</span> <span class='ocrx_word' id='word_1_168' title='bbox 622 2263 731 2348; x_wconf 89' lang='lat' dir='ltr'>Neque</span> <span class='ocrx_word' id='word_1_169' title='bbox 748 2263 898 2330; x_wconf 88' lang='lat' dir='ltr'>rationem</span> <span class='ocrx_word' id='word_1_170' title='bbox 917 2261 991 2328; x_wconf 93' lang='lat' dir='ltr'>inibi</span> <span class='ocrx_word' id='word_1_171' title='bbox 1009 2270 1143 2347; x_wconf 90' lang='lat' dir='ltr'>uterque</span> <span class='ocrx_word' id='word_1_172' title='bbox 1159 2260 1321 2338; x_wconf 87' lang='lat' dir='ltr'>subticuit,</span> 
     </span>
     <span class='ocr_line' id='line_1_20' title="bbox 92 2366 1320 2456; baseline 0.002 -25"><span class='ocrx_word' id='word_1_173' title='bbox 92 2368 240 2448; x_wconf 90' lang='lat' dir='ltr'>quoniam</span> <span class='ocrx_word' id='word_1_174' title='bbox 264 2386 374 2435; x_wconf 88' lang='lat' dir='ltr'>omues</span> <span class='ocrx_word' id='word_1_175' title='bbox 402 2377 553 2454; x_wconf 86' lang='lat' dir='ltr'>potestate</span> <span class='ocrx_word' id='word_1_176' title='bbox 576 2371 688 2456; x_wconf 88' lang='lat' dir='ltr'>quavis</span> <span class='ocrx_word' id='word_1_177' title='bbox 719 2369 849 2455; x_wconf 88' lang='lat' dir='ltr'>praediti</span> <span class='ocrx_word' id='word_1_178' title='bbox 882 2369 936 2434; x_wconf 87' lang='lat' dir='ltr'>Dei</span> <span class='ocrx_word' id='word_1_179' title='bbox 960 2379 1033 2435; x_wconf 81' lang='lat' dir='ltr'>saint</span> <span class='ocrx_word' id='word_1_180' title='bbox 1059 2367 1203 2446; x_wconf 88' lang='lat' dir='ltr'>ministri,</span> <span class='ocrx_word' id='word_1_181' title='bbox 1236 2366 1320 2434; x_wconf 88' lang='lat' dir='ltr'>missi</span> 
     </span>
     <span class='ocr_line' id='line_1_21' title="bbox 93 2469 1322 2566; baseline 0.002 -30"><span class='ocrx_word' id='word_1_182' title='bbox 93 2469 136 2536; x_wconf 83' lang='lat' dir='ltr'>ab</span> <span class='ocrx_word' id='word_1_183' title='bbox 159 2493 196 2538; x_wconf 88' lang='lat' dir='ltr'>eo</span> <span class='ocrx_word' id='word_1_184' title='bbox 217 2475 252 2540; x_wconf 86' lang='lat' dir='ltr'>in</span> <span class='ocrx_word' id='word_1_185' title='bbox 276 2474 460 2542; x_wconf 81' lang='lat' dir='ltr'>uindictam</span> <span class='ocrx_word' id='word_1_186' title='bbox 483 2477 615 2566; x_wconf 84' lang='lat' dir='ltr'>quidem</span> <span class='ocrx_word' id='word_1_187' title='bbox 638 2476 837 2554; x_wconf 81' lang='lat' dir='ltr'>nocentium,</span> <span class='ocrx_word' id='word_1_188' title='bbox 862 2477 897 2541; x_wconf 88' lang='lat' dir='ltr'>in</span> <span class='ocrx_word' id='word_1_189' title='bbox 914 2475 1044 2542; x_wconf 71' lang='lat' dir='ltr'>buttem</span> <span class='ocrx_word' id='word_1_190' title='bbox 1063 2495 1140 2540; x_wconf 85' lang='lat' dir='ltr'>uero</span> <span class='ocrx_word' id='word_1_191' title='bbox 1156 2471 1222 2556; x_wconf 78' lang='grc'>(67)</span> <span class='ocrx_word' id='word_1_192' title='bbox 1238 2481 1322 2540; x_wconf 84' lang='lat' dir='ltr'>recte</span> 
     </span>
     <span class='ocr_line' id='line_1_22' title="bbox 95 2581 1321 2668; baseline 0.002 -24"><span class='ocrx_word' id='word_1_193' title='bbox 95 2581 262 2662; x_wconf 76' lang='lat' dir='ltr'>operatium</span> <span class='ocrx_word' id='word_1_194' title='bbox 270 2605 283 2659; x_wconf 91' lang='lat'>,·</span> <span class='ocrx_word' id='word_1_195' title='bbox 307 2581 414 2668; x_wconf 87' lang='lat' dir='ltr'>itaque</span> <span class='ocrx_word' id='word_1_196' title='bbox 437 2583 491 2668; x_wconf 93' lang='lat' dir='ltr'>qui</span> <span class='ocrx_word' id='word_1_197' title='bbox 518 2584 633 2650; x_wconf 85' lang='lat' dir='ltr'>resistit</span> <span class='ocrx_word' id='word_1_198' title='bbox 656 2583 711 2662; x_wconf 89' lang='lat' dir='ltr'>eis,</span> <span class='ocrx_word' id='word_1_199' title='bbox 738 2584 799 2650; x_wconf 87' lang='lat' dir='ltr'>Deo</span> <span class='ocrx_word' id='word_1_200' title='bbox 823 2583 949 2650; x_wconf 91' lang='lat' dir='ltr'>resistit.</span> <span class='ocrx_word' id='word_1_201' title='bbox 979 2581 1058 2666; x_wconf 84' lang='lat' dir='ltr'>Qrtid</span> <span class='ocrx_word' id='word_1_202' title='bbox 1083 2583 1164 2648; x_wconf 89' lang='lat' dir='ltr'>banc</span> <span class='ocrx_word' id='word_1_203' title='bbox 1188 2581 1218 2646; x_wconf 93' lang='lat' dir='ltr'>in</span> <span class='ocrx_word' id='word_1_204' title='bbox 1244 2599 1321 2658; x_wconf 86' lang='lat' dir='ltr'>reru,</span> 
     </span>
     <span class='ocr_line' id='line_1_23' title="bbox 96 2686 609 2774; baseline 0.018 -27"><span class='ocrx_word' id='word_1_205' title='bbox 96 2701 163 2764; x_wconf 91' lang='lat' dir='ltr'>uro,</span> <span class='ocrx_word' id='word_1_206' title='bbox 186 2686 245 2754; x_wconf 90' lang='lat' dir='ltr'>dici</span> <span class='ocrx_word' id='word_1_207' title='bbox 271 2689 373 2774; x_wconf 89' lang='lat' dir='ltr'>potuit</span> <span class='ocrx_word' id='word_1_208' title='bbox 397 2689 609 2758; x_wconf 82' lang='lat' dir='ltr'>luculentiusr</span> 
     </span>
    </p>

    <p class='ocr_par' dir='ltr' id='par_1_3' title="bbox 95 2793 1492 4580">
     <span class='ocr_line' id='line_1_24' title="bbox 184 2793 1320 2881; baseline 0.001 -23"><span class='ocrx_word' id='word_1_209' title='bbox 184 2793 300 2861; x_wconf 88' lang='lat' dir='ltr'>Verum</span> <span class='ocrx_word' id='word_1_210' title='bbox 324 2795 472 2881; x_wconf 89' lang='lat' dir='ltr'>quoniam</span> <span class='ocrx_word' id='word_1_211' title='bbox 498 2796 625 2863; x_wconf 90' lang='lat' dir='ltr'>libertas</span> <span class='ocrx_word' id='word_1_212' title='bbox 642 2797 709 2875; x_wconf 88' lang='lat' dir='ltr'>ista,</span> <span class='ocrx_word' id='word_1_213' title='bbox 726 2795 817 2864; x_wconf 89' lang='lat' dir='ltr'>euius</span> <span class='ocrx_word' id='word_1_214' title='bbox 841 2797 992 2862; x_wconf 85' lang='lat' dir='ltr'>velamine</span> <span class='ocrx_word' id='word_1_215' title='bbox 1014 2795 1161 2861; x_wconf 89' lang='lat' dir='ltr'>malitiam</span> <span class='ocrx_word' id='word_1_216' title='bbox 1186 2801 1320 2860; x_wconf 83' lang='lat' dir='ltr'>vestram</span> 
     </span>
     <span class='ocr_line' id='line_1_25' title="bbox 98 2895 1321 2989; baseline 0.004 -28"><span class='ocrx_word' id='word_1_217' title='bbox 98 2895 146 2964; x_wconf 89' lang='lat' dir='ltr'>bic</span> <span class='ocrx_word' id='word_1_218' title='bbox 169 2900 326 2987; x_wconf 76' lang='lat' dir='ltr'>obtegitis,</span> <span class='ocrx_word' id='word_1_219' title='bbox 349 2909 397 2968; x_wconf 89' lang='lat' dir='ltr'>est</span> <span class='ocrx_word' id='word_1_220' title='bbox 421 2911 569 2989; x_wconf 91' lang='lat' dir='ltr'>tanquam</span> <span class='ocrx_word' id='word_1_221' title='bbox 593 2921 663 2970; x_wconf 88' lang='lat' dir='ltr'>usca</span> <span class='ocrx_word' id='word_1_222' title='bbox 687 2903 839 2988; x_wconf 86' lang='lat' dir='ltr'>quaedam</span> <span class='ocrx_word' id='word_1_223' title='bbox 869 2903 1080 2980; x_wconf 77' lang='lat' dir='ltr'>blandissima,</span> <span class='ocrx_word' id='word_1_224' title='bbox 1105 2921 1166 2987; x_wconf 91' lang='lat' dir='ltr'>qua</span> <span class='ocrx_word' id='word_1_225' title='bbox 1200 2901 1321 2985; x_wconf 89' lang='lat' dir='ltr'>plebem</span> 
     </span>
     <span class='ocr_line' id='line_1_26' title="bbox 97 3009 1322 3091; baseline 0.003 -21"><span class='ocrx_word' id='word_1_226' title='bbox 97 3014 203 3091; x_wconf 87' lang='lat' dir='ltr'>suapte</span> <span class='ocrx_word' id='word_1_227' title='bbox 227 3015 341 3074; x_wconf 89' lang='lat' dir='ltr'>natura</span> <span class='ocrx_word' id='word_1_228' title='bbox 367 3009 519 3076; x_wconf 86' lang='lat' dir='ltr'>libertatis</span> <span class='ocrx_word' id='word_1_229' title='bbox 541 3010 797 3088; x_wconf 87' lang='lat' dir='ltr'>amantissimam,</span> <span class='ocrx_word' id='word_1_230' title='bbox 822 3011 852 3075; x_wconf 94' lang='lat' dir='ltr'>in</span> <span class='ocrx_word' id='word_1_231' title='bbox 870 3010 1037 3076; x_wconf 85' lang='lat' dir='ltr'>haereseos</span> <span class='ocrx_word' id='word_1_232' title='bbox 1055 3017 1175 3074; x_wconf 84' lang='lat' dir='ltr'>restrae</span> <span class='ocrx_word' id='word_1_233' title='bbox 1199 3025 1322 3074; x_wconf 88' lang='lat' dir='ltr'>nussam</span> 
     </span>
     <span class='ocr_line' id='line_1_27' title="bbox 98 3113 1323 3201; baseline 0 -23"><span class='ocrx_word' id='word_1_234' title='bbox 98 3113 290 3192; x_wconf 86' lang='lat' dir='ltr'>potissimum</span> <span class='ocrx_word' id='word_1_235' title='bbox 315 3114 478 3192; x_wconf 88' lang='lat' dir='ltr'>illexislis;</span> <span class='ocrx_word' id='word_1_236' title='bbox 503 3134 567 3201; x_wconf 93' lang='lat' dir='ltr'>quo</span> <span class='ocrx_word' id='word_1_237' title='bbox 592 3117 736 3181; x_wconf 88' lang='lat' dir='ltr'>tecbnam</span> <span class='ocrx_word' id='word_1_238' title='bbox 762 3115 1019 3182; x_wconf 87' lang='lat' dir='ltr'>benevolentibus</span> <span class='ocrx_word' id='word_1_239' title='bbox 1042 3122 1073 3180; x_wconf 91' lang='lat' dir='ltr'>el</span> <span class='ocrx_word' id='word_1_240' title='bbox 1104 3113 1242 3180; x_wconf 92' lang='lat' dir='ltr'>nondum</span> <span class='ocrx_word' id='word_1_241' title='bbox 1267 3114 1323 3178; x_wconf 82' lang='lat' dir='ltr'>ub</span> 
     </span>
     <span class='ocr_line' id='line_1_28' title="bbox 97 3217 1322 3306; baseline 0.004 -27"><span class='ocrx_word' id='word_1_242' title='bbox 97 3219 225 3284; x_wconf 83' lang='lat' dir='ltr'>caecaus</span> <span class='ocrx_word' id='word_1_243' title='bbox 248 3217 402 3305; x_wconf 80' lang='lat' dir='ltr'>detegam,</span> <span class='ocrx_word' id='word_1_244' title='bbox 417 3229 487 3287; x_wconf 87' lang='lat' dir='ltr'>&#39;non</span> <span class='ocrx_word' id='word_1_245' title='bbox 513 3221 669 3306; x_wconf 81' lang='lat' dir='ltr'>gravabor</span> <span class='ocrx_word' id='word_1_246' title='bbox 693 3240 749 3305; x_wconf 92' lang='lat' dir='ltr'>per</span> <span class='ocrx_word' id='word_1_247' title='bbox 774 3229 991 3288; x_wconf 85' lang='lat' dir='ltr'>transcursum</span> <span class='ocrx_word' id='word_1_248' title='bbox 1009 3220 1050 3298; x_wconf 91' lang='lat' dir='ltr'>id,</span> <span class='ocrx_word' id='word_1_249' title='bbox 1075 3219 1158 3306; x_wconf 89' lang='lat' dir='ltr'>quod</span> <span class='ocrx_word' id='word_1_250' title='bbox 1182 3219 1255 3285; x_wconf 93' lang='lat' dir='ltr'>alibi</span> <span class='ocrx_word' id='word_1_251' title='bbox 1274 3219 1322 3284; x_wconf 92' lang='lat' dir='ltr'>lu-</span> 
     </span>
     <span class='ocr_line' id='line_1_29' title="bbox 96 3321 1322 3410; baseline 0.006 -25.006"><span class='ocrx_word' id='word_1_252' title='bbox 96 3321 159 3388; x_wconf 87' lang='lat' dir='ltr'>sius</span> <span class='ocrx_word' id='word_1_253' title='bbox 182 3324 379 3410; x_wconf 88' lang='lat' dir='ltr'>uberiusque</span> <span class='ocrx_word' id='word_1_254' title='bbox 403 3326 527 3392; x_wconf 88' lang='lat' dir='ltr'>anobis</span> <span class='ocrx_word' id='word_1_255' title='bbox 550 3327 743 3410; x_wconf 85' lang='lat' dir='ltr'>explicatum</span> <span class='ocrx_word' id='word_1_256' title='bbox 768 3335 826 3405; x_wconf 88' lang='lat' dir='ltr'>est,</span> <span class='ocrx_word' id='word_1_257' title='bbox 851 3328 911 3394; x_wconf 86' lang='lat' dir='ltr'>boe</span> <span class='ocrx_word' id='word_1_258' title='bbox 936 3328 1002 3392; x_wconf 88' lang='lat' dir='ltr'>loco</span> <span class='ocrx_word' id='word_1_259' title='bbox 1019 3327 1127 3410; x_wconf 89' lang='lat' dir='ltr'>paucis</span> <span class='ocrx_word' id='word_1_260' title='bbox 1150 3343 1322 3410; x_wconf 85' lang='lat' dir='ltr'>exponere,</span> 
     </span>
     <span class='ocr_line' id='line_1_30' title="bbox 97 3431 1465 3542; baseline 0.005 -47"><span class='ocrx_word' id='word_1_261' title='bbox 97 3445 248 3512; x_wconf 87' lang='lat' dir='ltr'>quaenam</span> <span class='ocrx_word' id='word_1_262' title='bbox 273 3431 313 3496; x_wconf 93' lang='lat' dir='ltr'>sit</span> <span class='ocrx_word' id='word_1_263' title='bbox 336 3449 411 3498; x_wconf 82' lang='lat' dir='ltr'>vera</span> <span class='ocrx_word' id='word_1_264' title='bbox 435 3431 564 3498; x_wconf 90' lang='lat' dir='ltr'>libertas</span> <span class='ocrx_word' id='word_1_265' title='bbox 586 3433 762 3500; x_wconf 90' lang='lat' dir='ltr'>Cbrisliana</span> <span class='ocrx_word' id='word_1_266' title='bbox 793 3440 825 3499; x_wconf 91' lang='lat' dir='ltr'>et</span> <span class='ocrx_word' id='word_1_267' title='bbox 849 3433 1039 3518; x_wconf 74' lang='lat' dir='ltr'>Evangelica.</span> <span class='ocrx_word' id='word_1_268' title='bbox 1065 3433 1139 3498; x_wconf 87' lang='grc' dir='ltr'>Νιιιι</span> <span class='ocrx_word' id='word_1_269' title='bbox 1164 3451 1199 3498; x_wconf 91' lang='lat' dir='ltr'>ea</span> <span class='ocrx_word' id='word_1_270' title='bbox 1232 3432 1322 3498; x_wconf 89' lang='lat' dir='ltr'>nimi·</span> <span class='ocrx_word' id='word_1_271' title='bbox 1363 3444 1465 3542; x_wconf 52' lang='lat' dir='ltr'>unasub</span> 
     </span>
     <span class='ocr_line' id='line_1_31' title="bbox 97 3499 1492 3624; baseline -0.003 -26"><span class='ocrx_word' id='word_1_272' title='bbox 97 3551 163 3602; x_wconf 90' lang='lat' dir='ltr'>rum</span> <span class='ocrx_word' id='word_1_273' title='bbox 188 3542 248 3614; x_wconf 90' lang='lat' dir='ltr'>est,</span> <span class='ocrx_word' id='word_1_274' title='bbox 273 3537 302 3602; x_wconf 92' lang='lat' dir='ltr'>in</span> <span class='ocrx_word' id='word_1_275' title='bbox 332 3555 396 3624; x_wconf 91' lang='lat' dir='ltr'>qua</span> <span class='ocrx_word' id='word_1_276' title='bbox 425 3537 570 3606; x_wconf 85' lang='lat' dir='ltr'>Christus</span> <span class='ocrx_word' id='word_1_277' title='bbox 602 3557 658 3605; x_wconf 93' lang='lat' dir='ltr'>nus</span> <span class='ocrx_word' id='word_1_278' title='bbox 691 3540 838 3605; x_wconf 87' lang='lat' dir='ltr'>mortales</span> <span class='ocrx_word' id='word_1_279' title='bbox 865 3539 1001 3606; x_wconf 89' lang='lat' dir='ltr'>asseruit</span> <span class='ocrx_word' id='word_1_280' title='bbox 1033 3557 1088 3623; x_wconf 90' lang='lat' dir='ltr'>per</span> <span class='ocrx_word' id='word_1_281' title='bbox 1122 3537 1321 3622; x_wconf 80' lang='lat' dir='ltr'>Euangelinm</span> <span class='ocrx_word' id='word_1_282' title='bbox 1341 3499 1492 3597; x_wconf 53' lang='lat' dir='ltr'>lietb?</span> 
     </span>
     <span class='ocr_line' id='line_1_32' title="bbox 97 3642 1460 3730; baseline -0.001 -24"><span class='ocrx_word' id='word_1_283' title='bbox 97 3657 199 3720; x_wconf 89' lang='lat' dir='ltr'>suum,</span> <span class='ocrx_word' id='word_1_284' title='bbox 224 3642 292 3728; x_wconf 89' lang='lat' dir='ltr'>ipso</span> <span class='ocrx_word' id='word_1_285' title='bbox 314 3642 398 3728; x_wconf 91' lang='lat' dir='ltr'>apud</span> <span class='ocrx_word' id='word_1_286' title='bbox 424 3643 566 3712; x_wconf 89' lang='lat' dir='ltr'>loannem</span> <span class='ocrx_word' id='word_1_287' title='bbox 583 3652 766 3711; x_wconf 87' lang='lat' dir='ltr'>attestante:</span> <span class='ocrx_word' id='word_1_288' title='bbox 793 3645 830 3710; x_wconf 85' lang='lat' dir='ltr'>Si</span> <span class='ocrx_word' id='word_1_289' title='bbox 853 3663 909 3711; x_wconf 82' lang='lat' dir='ltr'>nos</span> <span class='ocrx_word' id='word_1_290' title='bbox 923 3643 1016 3730; x_wconf 78' lang='lat' dir='ltr'>filins</span> <span class='ocrx_word' id='word_1_291' title='bbox 1033 3644 1232 3721; x_wconf 83' lang='lat' dir='ltr'>liberaverit,</span> <span class='ocrx_word' id='word_1_292' title='bbox 1250 3663 1323 3708; x_wconf 79' lang='lat' dir='ltr'>vere</span> <span class='ocrx_word' id='word_1_293' title='bbox 1345 3657 1460 3710; x_wconf 35' lang='lat' dir='ltr'>rfflosu</span> 
     </span>
     <span class='ocr_line' id='line_1_33' title="bbox 97 3745 1322 3837; baseline 0.002 -25"><span class='ocrx_word' id='word_1_294' title='bbox 97 3745 313 3814; x_wconf 64' lang='lat' dir='ltr'>libertatatis.</span> <span class='ocrx_word' id='word_1_295' title='bbox 340 3749 471 3818; x_wconf 82' lang='lat' dir='ltr'>Eramus</span> <span class='ocrx_word' id='word_1_296' title='bbox 493 3758 598 3818; x_wconf 89' lang='lat' dir='ltr'>autem</span> <span class='ocrx_word' id='word_1_297' title='bbox 624 3760 685 3817; x_wconf 90' lang='lat' dir='ltr'>tarn</span> <span class='ocrx_word' id='word_1_298' title='bbox 717 3751 817 3818; x_wconf 90' lang='lat' dir='ltr'>ludaei</span> <span class='ocrx_word' id='word_1_299' title='bbox 850 3769 944 3837; x_wconf 91' lang='lat' dir='ltr'>quam</span> <span class='ocrx_word' id='word_1_300' title='bbox 977 3752 1107 3836; x_wconf 83' lang='lat' dir='ltr'>gentiles</span> <span class='ocrx_word' id='word_1_301' title='bbox 1138 3757 1209 3816; x_wconf 90' lang='lat' dir='ltr'>ante</span> <span class='ocrx_word' id='word_1_302' title='bbox 1233 3749 1322 3816; x_wconf 91' lang='lat' dir='ltr'>Cbri-</span> 
     </span>
     <span class='ocr_line' id='line_1_34' title="bbox 95 3849 1323 3942; baseline 0.002 -23"><span class='ocrx_word' id='word_1_303' title='bbox 95 3849 191 3920; x_wconf 89' lang='lat' dir='ltr'>stum&#39;</span> <span class='ocrx_word' id='word_1_304' title='bbox 202 3861 310 3922; x_wconf 89' lang='lat' dir='ltr'>natum</span> <span class='ocrx_word' id='word_1_305' title='bbox 336 3855 467 3941; x_wconf 83' lang='lat' dir='ltr'>triplicis</span> <span class='ocrx_word' id='word_1_306' title='bbox 484 3857 608 3924; x_wconf 82' lang='lat' dir='ltr'>vinculo</span> <span class='ocrx_word' id='word_1_307' title='bbox 624 3857 786 3924; x_wconf 87' lang='lat' dir='ltr'>servitutis</span> <span class='ocrx_word' id='word_1_308' title='bbox 803 3857 921 3934; x_wconf 86' lang='lat' dir='ltr'>innexi,</span> <span class='ocrx_word' id='word_1_309' title='bbox 938 3875 1049 3942; x_wconf 92' lang='lat' dir='ltr'>nempe</span> <span class='ocrx_word' id='word_1_310' title='bbox 1068 3857 1194 3942; x_wconf 89' lang='lat' dir='ltr'>peccati,</span> <span class='ocrx_word' id='word_1_311' title='bbox 1213 3855 1323 3922; x_wconf 84' lang='lat' dir='ltr'>nuntis</span> 
     </span>
     <span class='ocr_line' id='line_1_35' title="bbox 95 3961 1323 4048; baseline 0.001 -23"><span class='ocrx_word' id='word_1_312' title='bbox 95 3969 121 4026; x_wconf 88' lang='lat' dir='ltr'>et</span> <span class='ocrx_word' id='word_1_313' title='bbox 149 3961 292 4028; x_wconf 88' lang='lat' dir='ltr'>Satanae.</span> <span class='ocrx_word' id='word_1_314' title='bbox 325 3962 400 4028; x_wconf 87' lang='lat' dir='ltr'>Nam</span> <span class='ocrx_word' id='word_1_315' title='bbox 434 3981 490 4047; x_wconf 89' lang='lat' dir='ltr'>per</span> <span class='ocrx_word' id='word_1_316' title='bbox 520 3971 683 4048; x_wconf 86' lang='lat' dir='ltr'>peccatum</span> <span class='ocrx_word' id='word_1_317' title='bbox 716 3964 776 4030; x_wconf 91' lang='lat' dir='ltr'>sub</span> <span class='ocrx_word' id='word_1_318' title='bbox 807 3963 971 4048; x_wconf 87' lang='lat' dir='ltr'>tyrannico</span> <span class='ocrx_word' id='word_1_319' title='bbox 1000 3962 1160 4030; x_wconf 89' lang='lat' dir='ltr'>daemonis</span> <span class='ocrx_word' id='word_1_320' title='bbox 1192 3962 1323 4047; x_wconf 89' lang='lat' dir='ltr'>imperio</span> 
     </span>
     <span class='ocr_line' id='line_1_36' title="bbox 95 4067 1322 4154; baseline -0.001 -21"><span class='ocrx_word' id='word_1_321' title='bbox 95 4067 174 4154; x_wconf 88' lang='lat' dir='ltr'>capti</span> <span class='ocrx_word' id='word_1_322' title='bbox 198 4067 419 4136; x_wconf 84' lang='lat' dir='ltr'>detinebamur</span> <span class='ocrx_word' id='word_1_323' title='bbox 443 4069 487 4136; x_wconf 91' lang='lat' dir='ltr'>rei</span> <span class='ocrx_word' id='word_1_324' title='bbox 512 4077 658 4136; x_wconf 88' lang='lat' dir='ltr'>aeternae</span> <span class='ocrx_word' id='word_1_325' title='bbox 682 4069 810 4148; x_wconf 91' lang='lat' dir='ltr'>mortis;</span> <span class='ocrx_word' id='word_1_326' title='bbox 836 4069 937 4136; x_wconf 89' lang='lat' dir='ltr'>ludaei</span> <span class='ocrx_word' id='word_1_327' title='bbox 963 4087 1038 4136; x_wconf 92' lang='lat' dir='ltr'>vero</span> <span class='ocrx_word' id='word_1_328' title='bbox 1062 4070 1190 4152; x_wconf 90' lang='lat' dir='ltr'>insuper</span> <span class='ocrx_word' id='word_1_329' title='bbox 1214 4067 1322 4133; x_wconf 87' lang='lat' dir='ltr'>llosai-</span> 
     </span>
     <span class='ocr_line' id='line_1_37' title="bbox 95 4173 1323 4260; baseline 0 -20"><span class='ocrx_word' id='word_1_330' title='bbox 95 4191 146 4242; x_wconf 89' lang='lat' dir='ltr'>cae</span> <span class='ocrx_word' id='word_1_331' title='bbox 171 4173 248 4259; x_wconf 81' lang='lat' dir='ltr'>legis</span> <span class='ocrx_word' id='word_1_332' title='bbox 272 4174 460 4260; x_wconf 86' lang='lat' dir='ltr'>importabili</span> <span class='ocrx_word' id='word_1_333' title='bbox 479 4175 552 4260; x_wconf 82' lang='lat' dir='ltr'>iugo</span> <span class='ocrx_word' id='word_1_334' title='bbox 567 4183 658 4242; x_wconf 91' lang='lat' dir='ltr'>erant</span> <span class='ocrx_word' id='word_1_335' title='bbox 673 4175 811 4242; x_wconf 89' lang='lat' dir='ltr'>obnoxii.</span> <span class='ocrx_word' id='word_1_336' title='bbox 830 4177 974 4242; x_wconf 76' lang='lat' dir='ltr'>cbristus</span> <span class='ocrx_word' id='word_1_337' title='bbox 991 4175 1086 4260; x_wconf 85' lang='lat' dir='ltr'>igitur</span> <span class='ocrx_word' id='word_1_338' title='bbox 1110 4174 1248 4249; x_wconf 79' lang='lat' dir='ltr'>veniens,</span> <span class='ocrx_word' id='word_1_339' title='bbox 1264 4191 1323 4240; x_wconf 89' lang='lat' dir='ltr'>reu</span> 
     </span>
     <span class='ocr_line' id='line_1_38' title="bbox 95 4279 1324 4368; baseline -0.001 -21"><span class='ocrx_word' id='word_1_340' title='bbox 95 4279 146 4347; x_wconf 83' lang='lat' dir='ltr'>Dei</span> <span class='ocrx_word' id='word_1_341' title='bbox 170 4287 202 4348; x_wconf 91' lang='lat' dir='ltr'>et</span> <span class='ocrx_word' id='word_1_342' title='bbox 227 4281 365 4348; x_wconf 91' lang='lat' dir='ltr'>bominis</span> <span class='ocrx_word' id='word_1_343' title='bbox 387 4281 550 4360; x_wconf 87' lang='lat' dir='ltr'>mediator,</span> <span class='ocrx_word' id='word_1_344' title='bbox 575 4284 715 4348; x_wconf 90' lang='lat' dir='ltr'>bumano</span> <span class='ocrx_word' id='word_1_345' title='bbox 738 4301 853 4368; x_wconf 77' lang='lat' dir='ltr'>guttere</span> <span class='ocrx_word' id='word_1_346' title='bbox 877 4282 941 4348; x_wconf 87' lang='lat' dir='ltr'>Deo</span> <span class='ocrx_word' id='word_1_347' title='bbox 965 4281 1044 4367; x_wconf 91' lang='lat' dir='ltr'>patri</span> <span class='ocrx_word' id='word_1_348' title='bbox 1071 4289 1170 4347; x_wconf 86' lang='lat' dir='ltr'>morte</span> <span class='ocrx_word' id='word_1_349' title='bbox 1192 4297 1249 4346; x_wconf 86' lang='lat' dir='ltr'>sua</span> <span class='ocrx_word' id='word_1_350' title='bbox 1274 4297 1324 4346; x_wconf 92' lang='lat' dir='ltr'>re·</span> 
     </span>
     <span class='ocr_line' id='line_1_39' title="bbox 96 4385 1325 4474; baseline 0.001 -23"><span class='ocrx_word' id='word_1_351' title='bbox 96 4385 268 4465; x_wconf 86' lang='lat' dir='ltr'>conciliato,</span> <span class='ocrx_word' id='word_1_352' title='bbox 292 4404 350 4453; x_wconf 93' lang='lat' dir='ltr'>nos</span> <span class='ocrx_word' id='word_1_353' title='bbox 376 4405 484 4454; x_wconf 89' lang='lat' dir='ltr'>omnes</span> <span class='ocrx_word' id='word_1_354' title='bbox 514 4388 555 4454; x_wconf 90' lang='lat' dir='ltr'>ab</span> <span class='ocrx_word' id='word_1_355' title='bbox 579 4389 637 4454; x_wconf 87' lang='lat' dir='ltr'>bac</span> <span class='ocrx_word' id='word_1_356' title='bbox 670 4388 783 4474; x_wconf 86' lang='lat' dir='ltr'>triplici</span> <span class='ocrx_word' id='word_1_357' title='bbox 817 4388 969 4456; x_wconf 89' lang='lat' dir='ltr'>servitute</span> <span class='ocrx_word' id='word_1_358' title='bbox 1001 4387 1130 4472; x_wconf 86' lang='lat' dir='ltr'>peccati,</span> <span class='ocrx_word' id='word_1_359' title='bbox 1159 4386 1270 4452; x_wconf 89' lang='lat' dir='ltr'>mortis</span> <span class='ocrx_word' id='word_1_360' title='bbox 1293 4394 1325 4454; x_wconf 90' lang='lat' dir='ltr'>et</span> 
     </span>
     <span class='ocr_line' id='line_1_40' title="bbox 96 4491 1323 4580; baseline 0.001 -22"><span class='ocrx_word' id='word_1_361' title='bbox 96 4491 220 4573; x_wconf 87' lang='lat' dir='ltr'>diaboli,</span> <span class='ocrx_word' id='word_1_362' title='bbox 243 4500 276 4560; x_wconf 90' lang='lat' dir='ltr'>et</span> <span class='ocrx_word' id='word_1_363' title='bbox 299 4501 462 4578; x_wconf 89' lang='lat' dir='ltr'>praeterea</span> <span class='ocrx_word' id='word_1_364' title='bbox 480 4494 607 4562; x_wconf 91' lang='lat' dir='ltr'>ludaeos</span> <span class='ocrx_word' id='word_1_365' title='bbox 622 4514 640 4561; x_wconf 89' lang='lat' dir='ltr'>a</span> <span class='ocrx_word' id='word_1_366' title='bbox 664 4495 816 4562; x_wconf 88' lang='lat' dir='ltr'>servitute</span> <span class='ocrx_word' id='word_1_367' title='bbox 834 4495 909 4580; x_wconf 77' lang='lat' dir='ltr'>legis</span> <span class='ocrx_word' id='word_1_368' title='bbox 925 4495 1074 4562; x_wconf 87' lang='lat' dir='ltr'>llusaicae</span> <span class='ocrx_word' id='word_1_369' title='bbox 1092 4495 1121 4560; x_wconf 94' lang='lat' dir='ltr'>in</span> <span class='ocrx_word' id='word_1_370' title='bbox 1148 4493 1323 4560; x_wconf 86' lang='lat' dir='ltr'>libertatem</span> 
     </span>
    </p>
   </div>
   <div class='ocr_carea' id='block_1_3' title="bbox 0 0 1698 5092">
    <p class='ocr_par' dir='ltr' id='par_1_4' title="bbox 0 0 1698 5092">
     <span class='ocr_line' id='line_1_41' title="bbox 0 0 1698 5092; baseline 0 0"><span class='ocrx_word' id='word_1_371' title='bbox 0 0 1698 5092; x_wconf 95' lang='lat' dir='ltr'> </span> 
     </span>
    </p>
   </div>
  </div>
 </body>
</html>
