3384 5082
521 297 650 344 rennos
672 295 877 346 coucuessus
1247 278 1312 347 237

79 437 153 488 cum
181 420 371 488 mulieribus
392 420 512 506 aliquot
535 421 650 488 sanctis
673 419 832 488 Christum
857 422 887 488 in
908 421 972 488 uita
987 421 1114 501 secutis
1130 429 1200 507 post
1215 421 1315 507 ipsius

79 527 299 594 ascensionem
324 527 354 592 iu
379 527 472 593 simili
496 528 665 594 coenaculo
688 528 834 614 spiritum
860 533 1013 607 sanctum,
1031 545 1129 594 novae
1150 527 1225 614 legis
1248 543 1314 595 ma-

79 634 220 718 gistrum
242 640 273 701 et
297 635 512 719 interpretem,
536 643 735 720 exspectasse
753 634 1001 702 describunturt
1025 635 1060 700 tt
1085 633 1181 700 huius
1203 651 1314 701 coena-

80 739 143 806 culi
171 740 274 806 vicem
298 748 330 806 et
353 739 456 807 locum
481 739 700 826 religiosorum
717 739 881 808 refectoria
905 743 1000 826 (quae
1023 743 1146 817 vocant)
1171 739 1313 807 nonnulli

80 846 130 912 iris
154 845 272 912 diebus
294 845 414 914 referre
438 854 469 912 et
486 853 722 932 repracsentare
738 846 880 914 creduut.
897 849 934 912 rlt
958 848 1034 913 llaec
1058 846 1225 914 mendaciis
1247 864 1314 913 mo-

80 953 262 1018 pachorum
286 959 451 1019 exstructa
473 970 551 1032 esse,
576 959 612 1019 ut
645 952 757 1030 dicitis,
789 953 846 1038 ipsi
883 953 978 1038 plane
998 953 1181 1032 mentimini,
1217 954 1315 1039 patris

80 1057 322 1126 mendaciorum
347 1059 414 1138 lilii,
438 1077 541 1145 neque
558 1059 696 1145 probatis
720 1077 822 1145 neque
837 1059 964 1126 omnino
988 1059 1127 1145 potestis,
1145 1067 1211 1126 tum
1227 1062 1312 1146 quod

80 1165 233 1232 ultronea
257 1165 440 1234 liberalitate
463 1184 499 1232 ac
523 1166 752 1252 magnificentia
776 1167 900 1252 piorum
927 1165 1088 1232 hominum
1112 1167 1142 1233 in
1167 1167 1219 1233 Dei
1243 1184 1314 1234 san·

81 1279 278 1358 ctorumque
303 1272 401 1358 ipsius
424 1274 575 1341 honorem
599 1280 704 1342 erecta
720 1281 804 1352 sunt,
828 1291 1002 1358 eorrrmque
1026 1291 1087 1339 non
1112 1273 1203 1340 modo
1226 1275 1313 1360 prin-

81 1379 204 1464 cipum,
231 1380 469 1465 magistratuum
487 1389 518 1447 et
542 1397 709 1465 procerum
727 1380 929 1458 secularium,
946 1389 981 1446 ut
998 1381 1059 1446 iam
1076 1388 1148 1447 aute
1163 1380 1314 1458 diximus,

81 1503 199 1551 rerum
232 1487 325 1553 etiam
362 1504 472 1572 magna
495 1504 536 1554 ex
569 1495 657 1573 parte
687 1487 909 1573 Episcoporum
941 1487 1139 1573 aliorumque
1170 1487 1313 1555 virorum

82 1593 393 1673 aeclesiasticorum
419 1603 485 1660 tum
510 1593 593 1680 quod
618 1594 771 1680 plurimos
794 1601 856 1660 tam
888 1594 1078 1661 excellentes
1103 1593 1186 1660 uiros
1209 1611 1315 1660 mona-

80 1700 221 1766 chorum
247 1699 373 1766 ordines
396 1701 549 1768 Ecclesiae
579 1701 745 1779 dederuut,
776 1701 842 1767 sire
872 1708 993 1785 spectes
1016 1700 1224 1768 eruditionem
1249 1699 1316 1768 sive

82 1805 336 1886 sanctimoniam,
361 1814 396 1874 ut
428 1825 485 1875 nec
516 1808 635 1874 erroris
666 1825 724 1874 neo
754 1807 944 1893 deceptionis
979 1808 1044 1874 ulla
1066 1808 1105 1874 de
1140 1807 1215 1893 ipsis
1247 1807 1316 1874 iure

83 1913 187 1996 possit
210 1929 280 1979 esse
303 1912 449 1998 suspicio.
466 1914 584 1981 Verum
600 1915 730 2000 antiqua
753 1921 879 2000 patrum
896 1921 1073 1981 vestrorum
1097 1921 1145 1980 est
1168 1913 1226 1980 ista
1241 1931 1316 1999 que·
1340 1919 1343 1932 ·

84 2020 152 2085 rela
169 2017 186 2051 *
209 2019 249 2085 de
272 2021 468 2104 sumptuosis
503 2021 728 2087 monachorum
763 2020 922 2100 aediliciis,
957 2037 1070 2106 nempe
1104 2020 1314 2098 Vallensium,

85 2124 320 2192 l'ioletieorum
352 2133 383 2193 et
411 2125 648 2204 llussianorum,
680 2127 730 2194 cui
761 2145 780 2194 a
811 2127 930 2194 Thomu
955 2127 1097 2194 Valdensi
1130 2126 1313 2212 iampridem

83 2231 213 2298 abunde
238 2249 422 2317 responsum
447 2239 495 2300 est
519 2234 677 2301 volumine
704 2241 795 2301 sexto
826 2233 1081 2301 lucubrationum
1113 2233 1192 2313 eius
1225 2233 1316 2300 titulo

91 2341 140 2404 lli.
166 2355 235 2424 cap.
260 2337 590 2425 exclamantem
616 2348 736 2408 vestrae
753 2341 801 2408 isti
827 2341 961 2408 invidiae
983 2340 1061 2408 nihil
1086 2339 1316 2408 retaliationum

88 2445 260 2531 imprecor,
286 2453 412 2532 praeter
435 2446 466 2512 id
489 2446 574 2532 quod
598 2449 740 2514 Socrates
757 2447 921 2533 imprecari
945 2447 1057 2514 solitus
1080 2446 1181 2514 lertur
1204 2446 1317 2514 invidis

84 2552 246 2630 omnibns,
271 2569 392 2638 nempe,
409 2561 444 2620 ut
461 2553 491 2619 in
513 2554 659 2621 omnibus
675 2554 793 2640 uirique
810 2554 914 2640 regnis
930 2553 1096 2621 Christiani
1112 2554 1198 2622 orbis
1213 2554 1318 2621 omnia

86 2655 183 2740 (210)
207 2659 301 2726 simul
326 2660 514 2728 monasteria
537 2660 724 2728 collustrare
747 2661 882 2746 possitis,
907 2680 968 2727 non
994 2679 1093 2748 pauca
1117 2661 1248 2728 lortasse
1272 2661 1316 2726 ui-

86 2766 154 2832 suri
181 2765 402 2852 splendidiore,
426 2785 520 2853 quarn
545 2767 642 2834 Dania
665 2775 768 2836 uestra
793 2767 916 2848 habeat,
940 2767 1089 2835 nimirum
1115 2773 1150 2836 ut
1165 2786 1229 2853 quo
1252 2785 1317 2834 ma-

87 2871 188 2940 iorem
212 2872 385 2941 cerneretis
408 2875 541 2953 cultum,
574 2875 632 2941 hoc
665 2875 763 2942 maior
791 2874 916 2954 invidia,
939 2893 1021 2961 quae
1052 2883 1099 2943 est
1130 2875 1178 2942 sui
1208 2893 1317 2961 poena,

89 2997 144 3046 uos
169 2979 337 3046 cruciaret.

103 3130 107 3138 -
179 3085 307 3166 Deinde,
331 3087 457 3174 qnando
480 3088 592 3168 dicitis,
616 3091 647 3156 in
671 3107 766 3156 manu
791 3107 958 3174 procerum
984 3089 1070 3175 regni
1099 3099 1130 3158 et
1154 3090 1317 3176 magistra-

89 3199 182 3260 tuum
207 3210 286 3272 esse,
310 3194 430 3262 sivein
454 3196 521 3281 pias
552 3195 685 3274 scholas,
718 3197 783 3263 sire
815 3197 845 3262 in
870 3197 1056 3275 nosocomia,
1089 3197 1209 3264 sivein
1240 3196 1318 3263 alios

88 3317 169 3368 usus
193 3299 261 3384 pios
284 3310 468 3370 convertere
492 3303 598 3382 velint,
622 3303 693 3389 quis
721 3323 781 3370 non
806 3303 893 3371 audit
918 3304 968 3370 hic
991 3299 1204 3372 adulatiomm
1227 3303 1318 3388 longe

89 3407 317 3492 turpissimam,
340 3427 402 3475 non
427 3410 528 3476 solum
553 3419 680 3495 apertae
704 3411 887 3497 iniquilatis,
908 3411 1128 3479 verumetiam
1146 3409 1319 3496 tyrannidis

89 3520 120 3578 et
143 3513 298 3600 sacrilegii
322 3515 472 3600 plenam?
495 3517 533 3582 Ut
555 3517 638 3584 enim
663 3536 719 3603 per
743 3519 800 3585 hos
825 3535 971 3602 proceres
993 3525 1025 3584 et
1045 3518 1246 3604 magistratus
1262 3517 1318 3584 lro-

89 3617 139 3686 die
162 3620 313 3701 viventes,
330 3621 444 3689 nedum
469 3640 525 3707 per
549 3624 683 3692 maiores
706 3624 858 3709 ipsorum,
873 3623 1002 3691 lundata
1026 3632 1194 3711 erectaque
1217 3623 1319 3691 lorent

91 3724 156 3810 ipsa
181 3727 387 3806 monasteria;
413 3734 516 3796 tanen
547 3729 695 3815 quonlam
720 3731 777 3816 (uli
802 3730 967 3814 diximus),
993 3738 1194 3817 posteaquam
1222 3731 1317 3800 semel

91 3831 155 3900 Deo
178 3841 253 3900 sunt
275 3832 387 3914 dicata,
412 3854 472 3901 uon
504 3844 567 3902 tam
599 3837 760 3904 hominum
792 3855 887 3924 qrram
921 3838 974 3904 [tei
1007 3855 1075 3906 esse
1105 3845 1277 3923 coeperunt
1295 3839 1318 3914 ¹,

91 3940 201 4024 quales
224 3940 332 4025 quales
357 3940 481 4010 tandem
504 3943 567 4010 sint
590 3943 653 4009 rita
678 3943 881 4030 moribusque
905 3945 1060 4023 monachi,
1076 3944 1155 4011 eitra
1179 3945 1319 4030 tyranni-

90 4045 161 4112 dem
185 4052 217 4112 et
240 4047 438 4132 sacrilegium
463 4049 509 4116 eis
531 4049 623 4117 adimi
649 4067 710 4116 nou
735 4059 875 4136 possunt,
892 4069 964 4117 curu
988 4052 1035 4118 vel
1060 4051 1089 4117 io
1116 4051 1253 4138 prolenis
1270 4069 1318 4118 re-

93 4149 161 4228 lrus,
186 4150 270 4238 quod
295 4154 391 4220 semel
415 4154 507 4222 alicui
539 4155 646 4223 datum
671 4165 728 4236 est,
760 4157 879 4244 absque
910 4157 996 4224 lurlo
1019 4165 1050 4224 et
1082 4158 1190 4244 rapina
1219 4158 1318 4226 eidem

155 4285 165 4304 ⁹
183 4283 294 4332 Additum
311 4287 349 4334 est
369 4299 450 4346 «quaa
460 4305 485 4334 ».

163 4489 172 4520 ¹
194 4494 279 4559 Supra
299 4495 361 4547 230.
