3390 5096
515 329 644 376 scurrus
667 328 873 377 coneccssns.
1246 309 1308 378 193

83 451 130 518 hic
153 469 281 520 errores
297 452 353 538 ipsi
370 452 538 538 agnoscitis
553 459 649 540 atque
669 428 873 538 profitemini.
891 453 993 519 Primo
1016 452 1142 540 quidem
1159 452 1308 539 quoniam

82 575 133 623 ros
155 558 238 626 scire
261 558 392 637 iactatis,
409 557 589 644 coniugium
614 559 780 645 quibusvis
802 577 871 626 esse
896 559 1028 626 tiherum
1053 559 1084 626 in
1109 577 1191 626 novo
1214 566 1308 625 testa-

81 671 195 742 mento,
213 664 307 750 idque
331 665 421 732 iuxta
447 665 531 732 Pauli
554 665 728 732 doctrinam
755 669 784 732 t.
801 665 871 732 Cor.
896 669 938 745 7.,
962 684 1027 752 quo
1050 667 1118 732 loco
1141 666 1202 733 ait:
1229 665 1308 733 iiico
1327 679 1479 736 paens>

81 769 306 856 inconiuqutic
329 777 358 836 et
381 770 513 837 uiriuic:
538 769 657 837 donum
682 772 729 837 eis
763 781 820 849 est,
844 772 876 837 si
898 772 1084 838 manserint
1115 781 1153 838 ut
1174 779 1203 838 et
1230 789 1308 858 eqor

81 876 165 961 quod
188 876 221 941 si
242 895 277 941 oe
300 895 365 942 non
390 877 590 956 contineant,
613 875 816 944 contradant
850 877 1115 944 matrimonium.
1141 876 1228 943 Nam
1252 897 1309 944 so-

81 981 144 1046 tius
167 990 215 1047 eat
240 978 334 1066 (164)
356 981 612 1050 matrimonium
641 981 847 1061 contrahere,
870 1003 973 1072 quom
998 984 1065 1049 uri.
1090 984 1164 1050 Nam
1189 984 1245 1050 etsi
1272 982 1308 1049 ti-

81 1085 162 1154 heris
185 1087 313 1173 quidem
345 1095 378 1155 et
408 1088 558 1156 castitatis
582 1097 654 1155 roto
677 1108 738 1156 non
771 1090 917 1156 obnoxiis
948 1090 1106 1175 integrum
1130 1097 1177 1156 est
1200 1089 1309 1156 coniu-

79 1193 174 1278 gium,
193 1200 224 1260 et
244 1194 358 1261 metius
381 1195 615 1261 matrimonium
640 1196 828 1263 contrahere
851 1214 946 1282 quam
970 1196 1024 1262 uri
1035 1193 1058 1274 ¹,
1081 1194 1120 1262 de
1144 1195 1262 1282 quihus
1276 1194 1307 1260 in

80 1301 256 1383 praesentia
281 1301 423 1386 loquitur
446 1301 628 1386 Apostolum
653 1309 757 1370 tanuen
789 1321 852 1382 eos,
876 1303 930 1389 qui
963 1309 1092 1388 propter
1118 1303 1216 1368 Deum
1240 1318 1308 1367 sese

80 1413 150 1472 roto
174 1407 384 1474 continentiae
408 1409 466 1475 hac
491 1407 635 1476 libertate
658 1409 875 1494 privaverunt,
891 1410 970 1476 citra
992 1408 1220 1475 damnationem
1246 1424 1306 1473 non

79 1531 168 1597 posse
196 1513 431 1580 matrimonium
456 1515 654 1590 contrahere,
678 1514 751 1582 aiibi
777 1515 828 1582 hic
852 1515 932 1582 idem
955 1515 1121 1600 Apostolus
1135 1512 1235 1591 docet,
1253 1512 1306 1580 uhi

80 1619 116 1686 de
140 1620 322 1688 iunioribus
345 1620 449 1688 viduis
479 1621 576 1688 verba
599 1620 732 1688 iaciens:
770 1621 934 1700 iuniores,
965 1621 1077 1705 inquit,
1108 1621 1231 1686 uiduus
1255 1619 1308 1684 de·
1337 1633 1462 1732 ¹·d¹¹h⁵’

80 1726 146 1792 uita
157 1750 172 1804 ,·
196 1744 272 1792 cum
296 1725 382 1793 enirn
407 1726 563 1812 mseiuirc
592 1727 757 1812 coeperint
784 1727 949 1794 aduersus
981 1724 1162 1804 Christum,
1186 1724 1309 1791 nubere
1386 1719 1392 1732 '
1435 1719 1441 1732 '

80 1831 193 1898 uniunt
215 1829 369 1898 hahentes
391 1831 706 1912 condemnationen,
734 1833 823 1920 quod
854 1833 1006 1918 primam
1039 1831 1137 1916 fictam
1168 1833 1308 1898 irritam

80 1935 238 2022 fecerunt.
262 1939 462 2025 Quapropter
492 1938 666 2005 istiusmodi
700 1938 880 2006 hominihus
908 1955 966 2006 nec
989 1938 1176 2005 contrahere
1201 1938 1307 2004 matri-

80 2044 218 2111 monium
246 2062 303 2112 nec
327 2045 377 2112 uri
403 2045 520 2112 honum
545 2052 603 2123 est,
627 2045 680 2112 sed
704 2051 879 2131 utrumque
902 2046 1030 2113 malum.
1049 2045 1154 2130 Neque
1170 2044 1253 2111 enim
1269 2043 1308 2110 ad

81 2159 215 2218 mentem
240 2152 446 2236 apostoticam
471 2151 498 2218 is
520 2151 636 2218 dicitur
661 2151 722 2231 uri,
746 2151 800 2238 qui
826 2152 930 2220 carnis
953 2151 1080 2219 tihidine
1104 2156 1253 2228 tentatur,
1278 2149 1309 2215 id

81 2257 163 2340 quod
186 2257 281 2324 etiam
305 2257 343 2323 ad
368 2257 511 2324 coelestis
533 2275 667 2325 coronae
690 2257 853 2325 cumulum
878 2257 961 2338 iacit,
986 2257 1078 2324 modo
1101 2275 1162 2324 non
1179 2275 1309 2324 consen-

82 2361 152 2440 tiat;
177 2370 209 2428 at
233 2362 288 2448 qui
312 2363 583 2449 concupiscentiae
606 2363 732 2430 damma
755 2370 935 2449 superatur.
961 2365 1089 2450 htioque
1105 2363 1220 2430 Paulus
1236 2379 1310 2429 oon·

82 2475 128 2534 tra
152 2486 248 2536 sunm
272 2469 371 2555 ipsius
395 2469 559 2536 consilium
583 2469 704 2554 agendo
735 2479 902 2556 peccasset,
932 2470 985 2556 qui
1018 2469 1181 2537 stimulum
1206 2468 1310 2535 carnis

82 2575 207 2658 quidem
233 2593 267 2643 sc
290 2576 353 2662 pati
378 2583 571 2661 conquestus
593 2584 651 2652 est,
674 2582 707 2642 at
730 2593 892 2662 nunquam
926 2585 1027 2644 amen
1052 2575 1221 2642 contraxit.
1247 2575 1308 2640 iam

83 2679 254 2767 Euangetici
280 2681 458 2750 sacerdotes
480 2684 591 2762 nostri,
615 2701 687 2750 cum
713 2683 811 2750 sacris
839 2684 976 2769 primum
1001 2683 1201 2750 initiarentur
1225 2680 1309 2748 ordi-

83 2787 183 2866 nihus,
206 2806 248 2855 ex
273 2788 487 2856 Ecclesiastica
509 2789 731 2857 constitutione
747 2807 783 2856 ac
799 2789 1025 2856 consuetudine
1042 2788 1222 2856 sotemniter
1239 2805 1310 2873 per-

83 2900 206 2976 petuam
232 2901 381 2961 voventes
412 2893 646 2974 continentiam,
670 2897 729 2962 hac
764 2914 797 2963 se
829 2894 933 2962 carnis
957 2895 1100 2961 libertate
1131 2893 1216 2960 ultra
1251 2894 1308 2979 ipsi

83 2999 260 3082 privarunt,
284 3018 350 3086 quo
372 2999 481 3067 maiori
518 3000 649 3087 spiritus
683 3001 827 3069 thorace
863 3002 893 3067 in
929 3000 1054 3068 Christo
1078 2999 1139 3066 irui
1173 3007 1307 3084 possent.

82 3105 233 3188 Quoniam
257 3123 334 3192 crgo
357 3105 470 3174 salsum
495 3125 562 3174 esse
585 3107 762 3186 docuimus,
786 3107 966 3192 coniugium
992 3106 1158 3191 quibusvis
1181 3123 1249 3172 esse
1273 3105 1309 3170 li·

83 3209 192 3278 hernm
219 3213 249 3279 in
274 3230 356 3280 nouo
380 3219 577 3292 testamento,
601 3231 663 3280 non
688 3213 719 3280 id
742 3213 828 3280 scitis
852 3213 905 3280 [tei
932 3211 1092 3291 beneficio,
1116 3212 1161 3278 uti
1186 3211 1311 3279 menda·

83 3316 159 3385 citer
182 3319 372 3404 gloriamini,
395 3327 427 3386 at
452 3319 557 3404 potius
579 3319 691 3386 diahoti
711 3318 864 3386 maleficio
881 3318 962 3385 ittusi
981 3319 1040 3385 hoc
1055 3336 1224 3385 erroneum
1242 3335 1309 3384 esse

84 3423 241 3492 nescitis*.

169 3529 287 3598 Deinde
309 3531 446 3598 atterum
469 3548 611 3598 errorem
636 3531 838 3610 confitemini,
862 3531 989 3616 qnando
1019 3529 1162 3609 subditis,
1188 3529 1310 3614 aliquos

84 3643 166 3704 certe
189 3637 367 3704 sacerdotes
383 3636 434 3720 (de
451 3638 500 3704 his
515 3637 598 3704 enim
615 3641 744 3718 sermo),
761 3655 872 3722 nempe
889 3637 942 3722 qni
961 3637 1168 3704 continentiae
1191 3635 1308 3702 donum

84 3759 141 3810 non
167 3743 295 3823 hahent,
318 3742 356 3810 ad
381 3744 562 3830 coniugium
587 3761 655 3810 esse
678 3743 843 3828 cogendos,
869 3743 962 3829 idque
997 3744 1088 3809 iuxta
1115 3742 1229 3809 Christi
1254 3741 1309 3807 do

84 3849 213 3917 ctrinam
246 3850 355 3918 Matth.
380 3852 430 3916 19.
455 3849 604 3929 docentis,
636 3849 857 3916 continentiam
890 3867 958 3916 esse
990 3849 1043 3916 Dei
1077 3867 1204 3928 munus,
1235 3866 1308 3915 cnm
1334 3857 1467 3966 ttttffitt.

84 3957 141 4022 ait:
166 3956 240 4024 Non
263 3975 376 4023 omnes
398 3956 538 4042 cupiunt
561 3955 695 4021 uerbum
720 3955 821 4034 istud,
837 3955 894 4021 scd
910 3953 1030 4042 quibas
1053 3955 1170 4022 datum
1193 3963 1248 4021 cst.
1267 3993 1310 4004 —

84 4061 184 4130 Primo
208 4081 344 4149 namque
368 4063 522 4130 neminem
546 4069 669 4148 oportet
693 4061 730 4128 ad
757 4070 917 4148 peccatum
942 4062 1146 4146 competiere;
1164 4067 1196 4128 at
1213 4061 1311 4127 Evan-

144 4197 154 4216 ⁰
172 4194 281 4244 noscitis.

152 4421 161 4452 ¹
182 4421 222 4475 ad
241 4420 431 4474 abiectionem:
450 4418 546 4476 Melius
565 4417 665 4474 nubere
684 4433 766 4488 qnam
788 4417 840 4484 mi,
860 4419 960 4484 optimo
986 4418 1161 4483 respondetur
1187 4419 1211 4470 in
1238 4417 1311 4474 Mon.

85 4521 105 4562 c.
125 4511 149 4562 3.
169 4511 188 4562 Ε
210 4509 225 4562 t
243 4523 286 4577 sq.

1174 4613 1204 4666 13
