3364 5092
494 280 623 328 rannus
645 279 853 329 6666666666.
1227 265 1287 330 ter

70 403 202 472 Profecto
228 425 289 472 non
314 405 413 490 magis
438 406 513 472 baec
544 405 774 490 argumentatio
798 405 915 472 homini
948 404 1056 472 adimit
1081 405 1214 472 liberum
1238 423 1289 470 ar-

68 509 203 591 bitrium,
229 531 326 597 quarn
351 511 399 578 rei
424 511 472 578 ari
498 511 647 590 rolatum,
671 512 719 578 rei
752 511 826 597 pisci
851 511 1051 591 notationem,
1075 511 1124 580 ret
1147 519 1289 579 armento

68 617 108 682 rei
132 620 239 702 pecori
264 637 419 704 gressum,
443 628 538 704 atque
560 619 638 685 adeo
668 636 762 685 sunm
794 619 909 704 cuique
939 625 1104 685 creaturae
1138 618 1287 685 officinm.

66 723 137 788 111611
161 724 248 790 enim
275 726 305 791 in
324 732 388 791 tota
412 743 518 791 rerum
543 724 805 792 naturaieriatnr
828 743 864 791 ae
889 732 1000 811 torpet.
1025 725 1100 792 Nam
1126 725 1241 791 Pantus
1256 725 1288 790 in

66 832 245 898 uniuersum
271 832 463 917 pronuntiat,
489 832 587 898 [teum
604 831 708 898 omnia
731 832 761 897 in
779 830 926 898 omnibns
940 827 1288 919 operariqeneraliter

65 954 164 1002 omnes
188 947 283 1005 actus
305 931 525 1005 creaturarum
542 937 681 1004 omniurn
699 939 916 1024 complectens.
941 939 1086 1010 Liberum
1111 944 1216 1006 autern
1237 955 1288 1004 ar-

65 1042 188 1110 bitrium
215 1043 245 1112 id
270 1053 328 1124 est,
351 1063 416 1130 quo
438 1045 552 1112 ceteris
576 1045 670 1110 homo
693 1045 847 1112 creaturis
870 1045 984 1125 anteit;
1009 1045 1159 1112 nimirum
1183 1051 1219 1111 ut
1233 1044 1288 1111 do-

65 1151 162 1217 ninus
186 1170 322 1220 snorum
345 1159 474 1218 actuum
493 1151 590 1218 iibere
613 1159 763 1237 operatur
780 1149 805 1216 *.
830 1153 1015 1238 Quanquam
1040 1153 1099 1219 boc
1126 1170 1167 1219 ex
1192 1151 1289 1237 Ephe

64 1256 112 1322 siis
133 1258 308 1325 adductum
334 1277 405 1326 eum
427 1258 490 1338 itio,
507 1259 592 1344 quod
615 1277 657 1327 err
681 1259 787 1325 Mattb.
813 1277 879 1344 cap.
908 1261 957 1325 111.
976 1260 1006 1326 16
1031 1260 1115 1326 66166
1131 1259 1287 1338 adiicitur,

65 1363 156 1447 iringis
181 1366 320 1449 pertinet
343 1365 381 1431 ad
399 1365 533 1432 liberum
557 1366 725 1433 arbitrium
741 1384 813 1432 curn
837 1366 892 1432 Dei
917 1365 1112 1451 providentia
1128 1366 1286 1433 collatum.

65 1467 131 1534 ,1661
158 1471 276 1538 Ρ66166
299 1472 353 1548 611,
377 1472 505 1540 66661116
529 1473 652 1540 dirinae
677 1473 845 1539 voluntatis
869 1477 978 1558 (quam
1011 1491 1159 1540 vocamus
1182 1459 1288 1560 prori-

64 1573 210 1658 deotiam)
233 1579 265 1644 in
290 1579 437 1646 omnibus
459 1579 527 1646 steri
552 1579 666 1646 omnia.
692 1579 780 1663 Quod
805 1579 907 1664 ipsum
931 1579 1076 1646 Christus
1100 1579 1183 1666 apud
1211 1581 1287 1646 Mat-

65 1680 199 1760 thaeum,
213 1685 280 1752 1666
297 1703 353 1770 per
367 1704 421 1752 ros
436 1685 529 1752 611616
546 1686 748 1765 confirmans,
764 1685 854 1752 docet
870 1687 1015 1771 exempto
1032 1687 1286 1771 passerentorom

65 1797 91 1850 et
117 1792 304 1875 capiliorum
338 1792 367 1858 id
400 1811 501 1878 usque
534 1792 612 1860 adeo
643 1811 754 1859 rernm
785 1811 863 1871 esse,
887 1801 923 1858 61
953 1793 1046 1860 etiam
1079 1793 1287 1860 minutissima

65 1913 204 1982 quaeque
227 1899 259 1964 in
284 1906 350 1966 toto
373 1899 490 1966 mnodo
514 1899 567 1966 bei
600 1899 812 1985 providentiae
841 1899 980 1966 subiecta
1011 1900 1084 1978 sint,
1108 1900 1150 1966 ita
1181 1908 1217 1966 ut
1249 1918 1301 1998 ne,

66 1999 167 2069 totinm
202 2005 329 2090 quidem
361 2005 485 2072 arboris
516 2007 582 2073 sine
616 2006 667 2072 Dei
697 2015 777 2072 nutu
806 2006 936 2072 decidat.
961 2007 1170 2091 Quapropter,
1195 2014 1231 2072 61
1254 2007 1286 2074 16

66 2123 184 2176 summa
215 2129 281 2178 rem
316 2119 410 2178 totam
443 2113 699 2198 complectamur,
730 2119 761 2179 et
785 2111 918 2196 ineptiae
947 2120 1069 2179 vestrae
1099 2111 1286 2198 detegantur

67 2218 212 2298 apertius,
242 2217 382 2286 omnium
408 2227 585 2287 vestrarum
618 2219 669 2286 bio
700 2219 1006 2305 argumentationum
1032 2221 1078 2286 ris
1102 2219 1132 2286 in
1168 2220 1287 2286 casita

68 2329 124 2386 est:
149 2325 297 2392 Liberum
323 2325 457 2392 bominis
481 2326 647 2393 arbitrium
672 2326 750 2392 nibit
774 2326 846 2392 boni
870 2333 998 2392 aeterna
1013 2324 1045 2358 **
1070 2326 1133 2393 rita
1155 2326 1284 2412 dignum

68 2426 127 2494 sine
149 2432 250 2516 gratia
274 2431 390 2498 Christi
413 2441 582 2516 operatur;
607 2433 699 2498 item:
724 2433 805 2499 Nibit
829 2431 956 2499 omnino
980 2433 1010 2499 in
1038 2433 1187 2500 universo
1210 2433 1288 2499 orbe

69 2536 213 2623 contingit
234 2538 355 2623 absque
379 2538 432 2605 Dei
457 2539 669 2624 providentia3
702 2539 797 2624 igitur
828 2547 961 2606 nonest
986 2539 1119 2606 liberum
1152 2539 1288 2606 hominis

67 2639 237 2710 arbitrium.
262 2644 340 2728 Quis
363 2662 438 2710 rere
467 2645 645 2712 huiusmodi
673 2663 771 2730 nugas
799 2663 860 2711 non
884 2646 1030 2712 exsitibet
1053 2645 1287 2732 potiusquam

69 2762 211 2832 responso
234 2751 404 2836 dignetur?
427 2751 515 2836 erod
540 2751 565 2818 si
590 2752 666 2818 haec
689 2770 731 2819 ex
754 2752 847 2819 animi
873 2753 1027 2818 sententia
1044 2761 1192 2837 tanquam
1216 2771 1288 2838 gra·

70 2867 116 2918 666
137 2865 168 2922 61
191 2857 292 2924 seriae
317 2858 568 2943 responsionesa
592 2859 680 2925 robis
710 2859 917 2937 adducantur,
950 2858 1065 2944 indigni
1090 2859 1182 2943 piane
1213 2859 1288 2926 estis

69 2956 104 3022 ob
125 2961 342 3046 ignorantiam,
365 2964 555 3050 quibuscum
588 2967 685 3032 sacris
708 2966 746 3033 de
771 2967 866 3033 rebus
891 2965 986 3032 rerba
1017 2965 1102 3032 stant.
1135 2965 1187 3032 Sin
1213 2983 1287 3034 rero

69 3059 129 3142 1921
153 3069 243 3136 atiter
267 3069 435 3138 sentientes
459 3071 632 3138 istiusmodi
658 3073 777 3139 rariitis
796 3091 853 3140 666
879 3073 964 3139 inmo
988 3078 1043 3138 aut
1059 3073 1190 3158 putrere
1213 3073 1287 3140 sim-

70 3171 188 3252 ptirinm
212 3176 314 3244 666116
337 3177 458 3244 obiecto
481 3195 534 3246 eos
550 3179 721 3246 exoculare
744 3179 908 3256 conemini,
925 3188 1034 3246 contro
1059 3179 1197 3265 protecto
1212 3181 1287 3247 estis

69 3275 144 3362 digni
167 3283 208 3350 ob
232 3283 392 3364 maiitiam,
416 3285 470 3371 qui
505 3285 585 3351 moia
608 3285 743 3352 asinaria
774 3286 853 3353 66116
883 3286 1007 3371 alligata
1040 3287 1068 3352 in
1095 3286 1285 3372 profundum

71 3389 156 3456 maris
196 3390 431 3478 demergamini,
472 3400 517 3459 tot
552 3392 739 3477 pnsittorum
780 3393 877 3459 mittia
910 3392 1049 3479 quotidie
1084 3393 1286 3474 offendentes,

71 3497 185 3574 qnando
200 3497 346 3566 Christus
369 3515 453 3577 eum,
477 3499 530 3585 qui
557 3499 605 3566 rei
631 3519 729 3566 unum
754 3516 795 3567 ex
820 3499 1131 3585 pusiitisossenderit,
1155 3519 1192 3567 66
1215 3519 1287 3587 sup·

71 3598 143 3679 piieii
165 3622 281 3690 genere
303 3604 432 3690 dignum
457 3605 575 3671 statuit.

150 3713 183 3776 ,11
206 3711 339 3778 sortisse
362 3713 434 3799 quis
458 3720 598 3779 restrum
623 3714 717 3798 panto
739 3712 859 3780 doctior
883 3713 934 3780 bic
958 3713 1117 3793 obiecerit,
1135 3714 1201 3780 beri
1224 3731 1285 3781 non
1308 3721 1414 3768 ottone.

71 3829 159 3894 66666,
177 3817 282 3886 611161
301 3819 496 3904 providentia
513 3819 560 3885 rei
577 3827 718 3886 mutetur
743 3820 788 3886 rei
815 3819 950 3886 16116166.
969 3820 1110 3898 Proinde,
1127 3821 1151 3886 si
1174 3828 1286 3888 cuncta

72 3917 141 3988 tiunt
164 3925 194 3990 in
218 3925 295 3990 orbe
311 3925 462 3992 divinitus
479 3926 613 4011 prouisa,
638 3927 813 3992 necessario
829 3926 977 3992 eveniunt
1001 3927 1122 4004 ornnia;
1141 3927 1193 3993 ubi
1211 3945 1286 4011 ergo

73 4019 194 4096 11166666
221 4031 355 4098 bominis
377 4031 567 4098 arbitrium?

149 4137 200 4205 1116
224 4156 319 4223 quam
345 4139 539 4206 strictissime
564 4139 800 4224 respondemus,
825 4139 1049 4206 immutabilem
1079 4139 1285 4206 irriaitibitenr-
1308 4149 1396 4196 nonno.

71 4254 123 4320 666
147 4244 198 4312 1161
226 4245 452 4330 providentiam
477 4245 583 4312 indere
600 4246 726 4332 quidem
746 4247 842 4312 rebus
859 4247 1072 4313 necessitatem
1090 4245 1284 4326 conditionis,

72 4353 96 4408 61
116 4351 284 4436 simplicem
309 4357 340 4417 et
355 4351 528 4418 absotutam
554 4353 698 4432 urinirne;
724 4353 807 4418 ittam
832 4371 959 4438 quoqne
983 4353 1196 4420 tracessitatem
1213 4369 1286 4420 eon-

125 4485 133 4502 ⁸
150 4487 268 4544 operetur.
676 4487 699 4512 '⁴
718 4489 827 4533 externo.
