3384 5082
339 231 403 297 aba
654 248 849 298 consummo
873 251 1104 298 nurueanmsur
1126 251 1244 298 uanior.

338 373 464 440 lectum.
489 373 563 440 Nam
589 380 712 458 praeter
736 373 777 453 id,
800 373 884 461 quod
908 373 1032 442 inuictis
1054 377 1249 460 argumentis
1276 375 1337 443 sub
1359 377 1509 443 articulo
1534 376 1582 441 vi·

338 481 483 566 gesimo¹
518 480 813 559 demonstrauimus,
847 481 946 567 ipsam
984 481 1094 548 missae
1122 481 1340 560 substantiam,
1371 501 1437 568 qua
1476 483 1583 550 sacri·

339 587 444 654 ficium
468 595 526 666 est,
549 586 579 654 id
603 585 687 672 quod
712 604 767 653 vos
800 587 915 673 alioqui
945 587 1083 654 maxime
1119 587 1149 654 in
1181 596 1290 656 nostro
1325 589 1480 656 missandi
1510 591 1580 656 ritu

338 692 488 760 damnare
511 693 626 771 soletis,
650 711 668 758 a
691 693 815 760 Christo
837 701 868 760 el
892 693 1065 760 institutam
1089 699 1120 761 el
1145 701 1352 779 praeceptam,
1376 702 1409 762 et
1430 695 1479 762 ab
1499 696 1581 780 ip'sis

339 800 490 884 lposlolis
512 799 719 878 observatam,
736 799 843 866 fideles
866 806 993 885 patrum
1019 799 1167 867 historiae
1190 807 1347 867 testantur
1368 801 1425 868 hoc
1442 801 1582 878 ordine,

339 904 439 972 iorma
461 913 493 972 et
515 905 616 984 modo,
640 905 746 991 aliqua
768 905 877 972 saltem
901 923 942 974 ex
967 915 1066 992 parte,
1090 924 1154 992 quo
1178 907 1315 974 Romana
1346 925 1429 974 nunc
1467 907 1582 975 utitur

340 1011 484 1088 Ecclesia,
508 1011 633 1078 Petrum
659 1008 750 1095 (226)
774 1011 1025 1097 primoquidem
1049 1012 1173 1097 publice
1197 1013 1323 1080 missam
1339 1012 1527 1081 celebrasse
1546 1014 1578 1078 in

340 1119 499 1185 antiochia
522 1117 638 1202 Syriae,
662 1118 772 1185 deinde
796 1136 871 1186 vero
896 1119 1007 1186 Romae
1033 1119 1061 1185 in
1087 1119 1245 1198 Vaticano,
1270 1119 1364 1205 idque
1380 1119 1410 1185 ln
1429 1119 1580 1206 Europa,

340 1225 482 1292 iacobum
507 1224 727 1309 Hierosolymis
750 1225 781 1292 in
813 1225 892 1304 asia,
916 1233 946 1292 et
981 1227 1119 1293 Marcum
1151 1225 1358 1294 Alexandriae
1389 1227 1420 1292 in
1453 1225 1579 1292 ¹lirica.

339 1332 524 1416 Quanquam
546 1330 661 1398 ‘modus
685 1331 735 1397 ille
756 1332 905 1416 paulatim
923 1332 954 1398 in
973 1332 1063 1410 hanc,
1079 1350 1143 1417 qua
1160 1349 1242 1398 nunc
1259 1332 1380 1398 utimur
1396 1332 1579 1399 formulam
1669 1403 1670 1406 ,

338 1437 508 1504 adoleverit
523 1445 555 1504 el
570 1438 691 1503 auctior
704 1439 719 1468 *
736 1438 837 1504 lactus
853 1439 892 1505 sit
910 1437 938 1504 in
958 1439 1115 1523 primitiva
1129 1439 1272 1516 Ecclesia,
1286 1447 1426 1524 tempore
1439 1437 1580 1505 Pontifi-

338 1561 410 1610 cum
437 1553 613 1628 martyrum
631 1545 659 1609 in
677 1543 849 1630 lpostolica
865 1545 937 1612 sede
954 1546 1137 1630 positorum,
1154 1562 1256 1631 usque
1275 1545 1313 1611 ad
1330 1544 1490 1612 Gelasium
1519 1545 1579 1610 Pa-

339 1667 419 1736 pam.
437 1653 473 1716 hl
490 1669 544 1717 vos
559 1643 666 1718 ddcele
690 1649 784 1716 istum
808 1659 947 1718 restrum
971 1651 1184 1738 nescioquem
1203 1651 1349 1718 missandi
1368 1651 1495 1718 ritum*
1524 1651 1576 1718 uel

338 1755 444 1823 decem
461 1757 551 1823 annis
564 1759 766 1824 uetustiorem
784 1763 880 1842 alque
896 1759 987 1824 toties
1003 1758 1121 1824 interea
1137 1763 1311 1824 mutatum:
1329 1763 1449 1823 tantum
1466 1759 1577 1836 abest,

340 1873 375 1930 ut
391 1863 423 1897 **
448 1864 478 1930 in
503 1864 719 1948 hposlolorum
742 1873 883 1949 tempora
906 1865 1058 1932 ueraciter
1075 1864 1194 1932 relerre
1210 1865 1343 1949 possitis.
1361 1864 1496 1931 Proinde
1514 1883 1577 1930 nos

341 1970 485 2038 lubenter
512 1971 549 2037 ad
580 1971 750 2038 Romanum
780 1989 898 2038 niorem
928 1971 1022 2037 veluti
1048 1971 1180 2038 eundem
1204 1989 1332 2057 quoque
1355 1971 1576 2056 Apostolicum

340 2085 488 2163 tanquam
512 2077 549 2142 ad
574 2077 695 2161 asylum
711 2077 867 2162 quoddam
888 2076 1095 2162 confugimus,
1113 2077 1142 2143 id
1157 2076 1242 2162 quod
1259 2084 1380 2144 veteres
1395 2075 1573 2142 orthodoxi

340 2191 444 2268 patres
468 2189 534 2249 tum
559 2183 733 2250 eruditione
758 2189 823 2248 lum
848 2183 1053 2249 sanctimonia
1075 2183 1237 2250 clarissimi
1262 2201 1387 2269 semper
1409 2183 1575 2250 factitasse

342 2291 500 2375 leguntur,
524 2297 555 2356 et
579 2291 663 2356 hunc
688 2307 807 2356 morem
832 2290 977 2357 lubenter
1000 2290 1091 2357 eliam
1113 2291 1143 2356 in
1162 2291 1295 2357 Ecclesia
1311 2297 1417 2357 nostra
1433 2306 1574 2375 regnare

342 2395 561 2480 permittimus,
588 2403 621 2461 ul
644 2395 699 2482 qui
723 2395 820 2463 laisus
835 2404 866 2462 el
882 2414 1034 2463 erroneus
1051 2397 1081 2463 in
1098 2396 1159 2464 lide
1182 2414 1344 2482 nunquam
1369 2413 1437 2463 esse
1453 2397 1574 2474 ualeat,

340 2502 602 2588 quemadmodum
627 2502 686 2569 sub
710 2503 843 2569 articulo
868 2503 965 2568 xlll³
989 2503 1238 2570 demonstratum
1261 2510 1318 2570 est.

430 2610 598 2688 Postremo,
616 2627 691 2675 num
715 2610 755 2676 sil
779 2609 985 2688 mendacium,
1002 2609 1126 2676 eosdem
1141 2609 1312 2676 diabolicae
1329 2610 1419 2676 istius
1434 2627 1574 2696 synago

340 2735 396 2802 gae
420 2715 618 2800 vibergensis
650 2716 807 2783 ministros
839 2715 1021 2800 implorasse
1057 2717 1155 2783 robur
1186 2715 1306 2782 brachii
1342 2716 1494 2783 secularis
1532 2715 1571 2782 ad

340 2823 672 2890 exrornmunicationis
707 2831 829 2890 uestrae
864 2824 941 2890 lalso
973 2831 1192 2910 praesumptae
1227 2824 1459 2902 executionem,
1492 2824 1574 2890 satis

340 2929 462 3014 opinor,
485 2929 645 2997 declarant
669 2931 723 2997 ioli
749 2931 808 2996 iarn
834 2948 930 3016 regno
954 2938 1027 2997 nota
1051 2930 1207 3006 violentia,
1231 2931 1362 2997 vastatio
1384 2937 1418 2997 el
1440 2931 1572 2997 sacrile-

340 3037 426 3122 gium
450 3036 489 3103 ab
513 3036 572 3102 isto
595 3037 778 3122 magistratu
803 3045 834 3103 et
859 3037 973 3122 populo
996 3037 1177 3123 Vihergensl
1203 3037 1298 3115 illata,
1322 3045 1488 3104 comante
1514 3037 1572 3104 Ec-

340 3143 441 3210 clesiis
465 3144 725 3228 monasteriisque
748 3143 826 3222 aliis,
852 3150 918 3209 tum
944 3143 1088 3228 proxime
1119 3162 1137 3210 a
1169 3143 1317 3210 conviciis
1342 3143 1493 3210 Ecclesiae
1518 3161 1571 3210 ca-

341 3249 472 3317 thedrali
490 3253 514 3328 ⁴,
538 3257 574 3315 ul
599 3250 655 3315 hac
679 3251 709 3315 in
735 3267 769 3317 re
795 3249 901 3317 literas
916 3257 947 3316 el
963 3249 1062 3335 sigilla
1079 3250 1243 3336 requirere
1261 3250 1463 3336 magistratus
1477 3256 1509 3316 el
1526 3251 1572 3315 ci·

403 3382 413 3402 ⁸
431 3385 521 3430 auctor.
976 3383 999 3403 ⁰·
1020 3385 1090 3429 ‹ut›
1110 3383 1185 3430 deest.

412 3642 420 3673 ¹
441 3645 524 3709 Supra
546 3645 592 3696 all
616 3659 656 3710 sq.

413 3731 468 3785 ’ln
498 3733 645 3786 Enchiridio
673 3747 694 3784 e.
728 3731 769 3784 ll.
798 3733 852 3798 agit
880 3733 933 3786 Nic.
967 3732 1092 3785 lierborn.
1119 3731 1151 3786 de
1178 3729 1311 3786 musanell
1330 3731 1386 3785 rt'lu
1414 3731 1572 3787 theutonice

341 3821 488 3888 (disq).

413 3909 423 3941 ⁸
444 3911 526 3976 Supra
548 3911 598 3964 ⁴75
617 3925 657 3978 sq.
675 3918 701 3963 et
720 3911 846 3964 eus-all.

412 3999 423 4030 ⁴
442 4003 517 4053 hnno
540 4001 605 4052 leae
626 4007 744 4065 tempore
764 4001 833 4052 ueris
852 3999 967 4053 demoliti
996 4006 1057 4052 suut
1083 3997 1259 4065 vibergenser
1284 3999 1316 4051 lt
1344 3999 1472 4052 Eccleslas
1491 4011 1573 4064 paro-

341 4090 438 4144 chiales
456 4103 516 4142 cum
538 4088 711 4155 permissione
729 4087 866 4144 Fredert'ci
884 4087 963 4154 primi
983 4089 1045 4150 (dat.
1066 4090 1108 4141 23.
1126 4087 1201 4141 Febr.
1224 4087 1458 4153 isembrunum
1480 4086 1572 4141 iliber-

342 4193 423 4246 gease
442 4180 484 4231 Nr.
503 4179 565 4244 226)
585 4184 611 4231 et
629 4177 772 4232 Mineruiae
790 4184 816 4230 el
835 4176 1025 4231 Domrhicuuos
1044 4192 1058 4230 e
1086 4177 1140 4230 suis
1166 4178 1270 4244 templis
1294 4183 1319 4230 el
1342 4177 1508 4230 monasteriis
1525 4191 1572 4232 ex-

342 4267 489 4320 turbarunt.
507 4294 542 4306 -
561 4267 637 4335 Quod
657 4275 744 4319 autem
764 4266 796 4319 ad
818 4264 965 4320 Ecclesium
983 4265 1166 4320 cathedralem
1192 4273 1302 4332 spectat,
1321 4279 1403 4319 tinum
1422 4268 1514 4319 saltem
1535 4269 1571 4319 la·

341 4365 412 4412 etum
427 4356 574 4422 indubium,
589 4357 661 4424 quod
676 4369 743 4409 anno
757 4356 834 4418 ⁴529,
846 4356 868 4408 si
882 4369 933 4408 non
954 4356 1004 4408 iam
1024 4356 1106 4420 prius,
1119 4355 1223 4419 accidit,
1241 4368 1256 4407 a
1275 4353 1402 4408 canonico
1420 4355 1570 4408 lutherano

342 4445 507 4512 vibergensi,
527 4448 619 4499 loanne
639 4447 668 4498 ri.
687 4445 765 4498 Bloch
784 4458 855 4497 anno
876 4443 943 4496 lala
963 4444 1083 4507 relatum,
1102 4443 1144 4498 hic
1164 4443 1326 4497 adiiciamus.
1352 4443 1394 4497 Sic
1417 4443 1489 4496 enim
1508 4445 1570 4496 seri·
