3390 5096
508 335 638 384 rcurrus
661 334 868 384 concaussus.
1240 317 1302 381 175

72 462 240 546 proprium
270 479 440 546 agnoscere
464 460 561 546 (quod
593 479 610 526 e
634 460 761 546 regione
785 460 876 527 nrndo
899 466 1068 527 externum
1093 477 1243 526 vocandus
1266 477 1303 525 ac

71 566 219 648 visibile),
243 586 339 654 quam
366 567 557 635 lucidissime
580 585 616 634 ae
640 565 829 634 validissime
852 564 1179 633 commonstrabimus.

161 673 318 758 Principio
342 677 392 758 (ut
415 672 637 758 intelligamus,
659 673 698 739 de
721 691 785 757 quo
808 679 855 739 est
869 671 1052 757 disputatio)
1076 671 1240 756 Apostolus
1254 689 1303 737 sa-

71 777 232 845 cerdotem
267 779 307 845 ab
342 777 446 846 officio
482 778 566 846 bisce
590 778 696 846 verbis
730 779 821 845 lmire
855 777 996 844 videtur:
1030 776 1158 856 Omnia,
1190 777 1303 862 inquit,
1327 791 1463 845 uicem.

72 882 230 968 Pontifex
253 903 294 950 ca
317 881 507 950 bominibus
530 895 726 970 assumptus
748 902 811 968 pro
835 881 1024 950 lroluiuibur
1038 882 1253 950 constituitur·
1268 883 1304 948 in

71 987 121 1054 lla
144 1009 234 1077 quoe
255 991 351 1076 opud
376 991 479 1055 Deum
503 999 667 1076 aguntur,
690 999 728 1056 ut
744 988 861 1076 offerat
884 991 974 1056 douo
994 997 1023 1056 et
1046 987 1219 1073 sacrificiu
1239 1007 1317 1075 pro.

69 1097 217 1179 peccaris
239 1102 299 1162 etc.
324 1096 383 1180 Qui
408 1113 483 1162 sane
507 1097 595 1163 lucus
627 1114 687 1162 uon
722 1103 843 1162 tantum
867 1095 995 1182 intelligi
1028 1095 1121 1163 debet
1150 1095 1189 1162 de
1214 1094 1303 1179 legali

72 1201 246 1280 sacerdote,
270 1202 419 1288 queniam
454 1202 592 1289 generali
625 1202 745 1270 ratione
776 1219 901 1268 omnem
935 1201 1112 1268 Pontificem
1144 1201 1304 1278 describit,

72 1325 174 1392 neque
198 1307 238 1374 de
261 1307 436 1374 sacerdotio
459 1308 605 1374 invisibili
622 1325 658 1375 ac
684 1307 837 1374 interno*
861 1307 1020 1375 cummuni
1045 1307 1203 1386 omnibus
1226 1325 1304 1393 qun

72 1414 153 1480 rviam
178 1421 288 1499 aperte
310 1414 446 1482 delineat
470 1415 648 1482 Pontificem
672 1433 713 1482 ex
742 1415 810 1481 aliis
834 1415 1014 1481 bominibus
1034 1415 1168 1481 electum
1192 1423 1223 1480 el
1247 1431 1305 1498 pro

72 1521 138 1586 aliis
162 1520 382 1600 coustitutum,
398 1539 457 1586 ceu
483 1521 684 1588 mediatorem
710 1521 791 1588 inter
807 1521 907 1588 Deum
923 1529 955 1588 et
976 1520 1126 1605 populum
1144 1520 1175 1585 in
1191 1518 1305 1585 divinis

74 1626 197 1706 ulbciis,
219 1645 358 1712 querum
384 1627 521 1712 primum
553 1635 649 1714 atque
672 1645 831 1694 summum
864 1628 1047 1712 exprimens
1070 1627 1114 1692 ait
1144 1627 1203 1693 boc
1226 1642 1304 1704 esse,

73 1733 203 1800 donaria
225 1741 257 1800 et
282 1735 423 1800 victimas
447 1753 504 1820 pro
528 1735 663 1820 peccatis
685 1734 810 1801 ullerre.
834 1734 924 1818 Quod
948 1734 1051 1819 ipsum
1076 1751 1204 1820 quoque
1227 1750 1303 1799 neu·

77 1840 196 1924 tiquam
220 1839 350 1925 intelligi
370 1847 470 1925 potest
485 1839 523 1906 de
540 1840 702 1908 sacrificiis
718 1840 935 1925 spiritualibus
951 1846 983 1906 et
1006 1839 1148 1918 internis,
1164 1837 1305 1924 quaudo

75 1944 200 2030 quidem
224 1964 261 2012 ea
284 1947 428 2014 similiter
450 1946 598 2014 omnibus
621 1965 662 2013 ex
686 1964 788 2032 aeque
811 1946 990 2012 communia
1013 1953 1096 2010 sunt.
1122 1945 1191 2028 Quo
1214 1943 1250 2009 lu
1273 1944 1304 2009 in

77 2069 210 2130 summa,
234 2059 270 2118 ut
293 2059 449 2119 externus
464 2051 658 2138 visibilisque
674 2052 820 2118 sacerdos
837 2050 1029 2136 intelligatur
1053 2051 1089 2128 is
1106 2050 1160 2134 qui
1181 2068 1223 2116 ex
1241 2055 1305 2115 toto

78 2158 192 2243 populo
215 2159 335 2226 electus
350 2165 382 2226 el
401 2157 507 2224 divino
523 2159 623 2225 cultui
640 2158 846 2243 mancipatus,
863 2158 989 2224 nomine
1005 2156 1101 2223 totius
1119 2156 1223 2242 populi
1243 2156 1305 2222 Deo

78 2265 199 2346 publice
224 2265 389 2332 ministrat.
415 2264 467 2331 Hic
492 2265 597 2350 itaque
614 2265 712 2341 locus,
729 2281 910 2350 quanquam
937 2264 983 2330 vel
1009 2263 1096 2330 solus
1118 2262 1233 2330 evincit
1251 2281 1305 2328 no-

78 2387 149 2436 vum
169 2377 389 2438 testamentum
407 2371 582 2438 necessario
599 2380 768 2438 externum
786 2378 817 2437 et
842 2369 960 2436 visibile
977 2369 1186 2436 sacerdotium
1204 2367 1304 2454 quod·

77 2475 145 2542 dam
177 2494 358 2562 agnoscere,
383 2477 543 2544 nonnullis
578 2476 778 2562 peculiariter
813 2475 1094 2554 accommodatum,
1126 2483 1230 2541 tamen
1263 2492 1305 2541 ex

78 2579 165 2663 (143)
190 2583 248 2649 bae
271 2581 442 2650 sacerdotis
465 2581 635 2662 lunclione,
660 2601 716 2648 ceu
742 2582 945 2648 lundamentu
960 2581 1096 2667 quedam
1121 2580 1211 2659 iacto,
1237 2597 1304 2647 rem

78 2687 173 2770 ipsam
196 2688 292 2755 allius
315 2689 410 2773 paulo
433 2688 586 2754 stabiliam
604 2696 699 2773 atque
723 2687 864 2754 firmabo.
883 2688 958 2754 Nam
977 2687 1027 2753 bie
1044 2687 1188 2772 protinus
1203 2686 1306 2753 eradit

81 2794 290 2874 manifestum,
315 2795 391 2861 baec
414 2802 563 2879 quatuor,
588 2812 700 2879 nempe
725 2794 834 2879 legem,
852 2794 1045 2878 religionem,
1069 2793 1257 2859 sacrificium
1275 2800 1306 2859 et

78 2899 296 2978 sacerdotium,
321 2899 526 2967 indissolubili
559 2900 694 2986 quodam
722 2900 846 2966 vinculo
877 2901 1057 2977 cohaerere,
1086 2899 1129 2964 ila
1161 2899 1306 2966 utnulla

81 3005 198 3073 ratione
221 3005 362 3091 separari
387 3013 514 3090 queant.
531 3005 689 3092 Siquidem
709 3006 774 3091 lege
792 3006 890 3072 [teum
912 3005 1139 3090 cognoscimus,
1157 3005 1305 3090 religione

79 3113 215 3196 agnitum
240 3112 391 3191 colimus;
415 3113 521 3180 cultus
551 3121 657 3179 autem
682 3113 734 3179 Dei
761 3113 956 3198 potissimum
989 3113 1024 3177 lrt
1055 3111 1225 3190 sacrillci0;
1258 3129 1306 3178 sa·

79 3219 229 3286 crilieium
253 3218 391 3304 denique
413 3219 528 3286 ollerre
551 3219 722 3286 sacerdotis
744 3227 801 3284 est.
826 3217 1048 3302 Quamobrem.
1072 3225 1110 3284 ul
1133 3220 1219 3285 nulla
1246 3217 1306 3286 fuit

80 3341 216 3410 unquam
240 3341 318 3410 gens
341 3332 396 3391 aut
413 3325 497 3392 natio
514 3334 576 3392 tam
601 3325 746 3402 barbara,
765 3333 826 3390 tam
851 3325 957 3402 ellera,
975 3331 1038 3390 tam
1058 3324 1211 3402 immanis
1228 3325 1305 3410 quin

81 3449 132 3512 per
157 3441 289 3498 naturae
314 3433 413 3517 legem
438 3433 704 3518 qualemcumque
728 3433 865 3498 numinis
886 3431 1061 3516 cuiuspiam
1085 3448 1120 3496 ac
1135 3431 1306 3497 divinitatis

81 3537 284 3622 cognitionem
321 3539 468 3606 babuerit
491 3540 654 3624 Deumque
688 3539 825 3625 aliquem
850 3539 915 3605 sive
949 3555 1057 3604 verram
1092 3539 1158 3604 sive
1193 3538 1305 3604 lalsum

81 3645 291 3731 qualicunque
316 3645 465 3730 religione
488 3645 639 3712 coluerit:
665 3647 706 3710 ita
737 3664 864 3730 quoque
896 3646 1004 3712 nullus
1027 3645 1085 3710 luit
1112 3644 1176 3710 ullu
1200 3644 1306 3711 seculo

83 3753 224 3837 populus,
241 3751 296 3838 qni
318 3770 378 3818 non
397 3751 544 3818 babuerit
560 3759 591 3816 el
607 3752 760 3818 sacrificia
776 3752 940 3837 quaedum,
957 3751 1074 3837 quilurs
1092 3752 1189 3817 [teum
1211 3767 1304 3816 suum

82 3857 203 3938 coleret,
227 3867 258 3925 el
282 3859 459 3924 sacerdotes
482 3857 634 3944 quosdam
658 3876 697 3923 ex
724 3875 757 3924 se
773 3858 887 3924 electos
911 3866 975 3924 eta
1000 3858 1128 3943 prolana
1154 3856 1242 3940 qllclie
1258 3875 1305 3923 se-

83 3977 213 4046 paratus,
235 3965 290 4050 iqui
316 3963 412 4030 rebus
435 3964 533 4030 sacris
550 3971 670 4030 tantum
692 3973 723 4030 el
738 3964 843 4031 divirm
859 3965 957 4031 cultui
975 3965 1131 4042 destinati,
1149 3983 1206 4048 pro
1221 3963 1304 4030 omni

84 4073 193 4155 pqurlo
210 4071 363 4138 sacrificia
388 4071 450 4136 Deo
465 4069 626 4148 ullerreul,
651 4070 680 4137 id
705 4071 787 4156 quod
813 4089 852 4136 ex
873 4070 1075 4136 Etbnicorum
1102 4071 1240 4136 bisteriis
1261 4079 1306 4135 tc-

83 4179 281 4246 statissimum
306 4195 384 4252 esse,
407 4177 462 4262 qui
481 4177 573 4242 modo
587 4177 783 4262 antiquitatis
799 4177 903 4243 studio
920 4183 1074 4254 teneatur,
1091 4177 1202 4261 opinor
1220 4177 1305 4260 igno·

85 4301 148 4351 mrc
172 4284 339 4351 neminem.
365 4283 450 4350 Unde
474 4301 562 4350 sacru
586 4284 740 4350 liuneseus
766 4284 894 4350 historia
918 4283 1116 4349 sacerdotum
1137 4282 1305 4349 Pbaraunls
1328 4297 1382 4341 uo·
1398 4294 1431 4340 ⁸⁷·

85 4391 144 4476 lqui
170 4390 230 4458 sub
255 4391 321 4476 lege
343 4389 447 4456 adbuc
472 4397 604 4456 naturae
629 4389 659 4456 in
683 4391 820 4475 Aegypto
837 4389 937 4472 luere)
962 4389 1112 4458 meminit.
1136 4389 1209 4456 llinc
1226 4406 1305 4473 qun·

140 4525 150 4544 ·
169 4527 273 4572 nomano.
