3378 5082
424 326 494 383 ocos
517 327 563 374 sn
587 326 708 376 necnon
733 327 991 376 consummatus.
1279 311 1317 374 lu

108 465 182 510 mom
201 459 229 510 et
249 449 496 510 ardentissimum
520 449 589 510 lldei
614 449 725 510 veteris
746 448 953 524 defensorem
975 465 1071 529 quare
1098 448 1228 511 libenter
1249 465 1318 511 eom

107 555 324 633 promovebant,
346 563 376 616 et
399 555 586 634 nbicomqoc
609 555 779 632 pericnlum
803 555 960 619 Ecclesiae
982 555 1141 618 imminere
1160 555 1319 636 putabant,

104 661 277 724 obiiciebant
293 687 321 724 ι.
343 661 410 740 lpse
433 679 504 723 ιιιο
526 661 670 724 Nicotaus
693 669 804 735 noster,
825 661 938 742 quibos
960 661 1103 724 laudibus
1118 661 1320 724 celebraverit

102 785 182 829 snam
207 766 505 830 «cutdolicissimom
528 776 557 828 et
577 765 789 848 felicissimum
804 767 1014 850 Aprippt'mom
1038 767 1199 830 Coloniam
1215 793 1244 844 ι,
1258 769 1320 830 cui·

105 877 155 947 eis,
175 875 224 953 qui
240 873 341 936 obiter
356 876 529 952 operactus
545 875 721 954 inspexerit,
733 875 892 936 indubium
908 876 973 936 erit.
989 873 1066 948 Ouid
1083 872 1164 955 qood
1187 879 1216 936 io
1232 891 1321 954 prae·

103 981 206 1042 latione
225 981 380 1044 secundae
403 982 545 1044 editionis
566 980 734 1043 Eocbiridii
757 982 803 1043 sui
827 981 886 1042 boc
914 997 1004 1044 suom
1033 983 1224 1061 propositum
1252 997 1320 1061 pro·

103 1087 168 1149 lert:
192 1089 323 1150 «Omnia
347 1089 423 1150 baec
438 1114 466 1162 ι,
489 1088 597 1166 inquit,
625 1087 782 1150 «coluntur
803 1088 833 1148 io
857 1087 915 1149 bac
938 1095 1050 1163 nostra,
1073 1089 1132 1149 imo
1155 1087 1266 1149 Cbristi
1290 1095 1319 1149 et

102 1195 228 1256 oninium
249 1193 429 1273 faelicissimo
452 1191 581 1256 Colonia
603 1191 794 1274 Aprippt'um
816 1193 905 1256 cuius
936 1211 988 1274 epo
1011 1192 1128 1266 tondes,
1157 1191 1232 1256 dum
1253 1194 1319 1273 salu

103 1297 151 1360 los
171 1311 255 1362 crtus
276 1309 399 1382 repunt,
420 1318 484 1362 nom
505 1296 624 1362 cessabo
638 1317 783 1362 resonare
797 1325 826 1362 ·.
846 1299 929 1373 Qtoae
953 1300 1044 1362 rerba
1061 1317 1152 1381 quam
1176 1309 1319 1363 accurate

102 1407 283 1488 pulcbreque
294 1415 462 1470 consonent
478 1406 560 1468 laridi
577 1405 713 1469 eiusdem
730 1407 815 1469 orbis
830 1407 1006 1469 abnoctare
1018 1407 1238 1470 Cottiotatioois
1254 1423 1320 1486 pro

102 1511 182 1585 latae,
197 1530 285 1576 toenio
299 1513 445 1575 cordatos
461 1530 519 1574 non
536 1513 626 1574 videt.
641 1545 682 1559 -
697 1513 748 1598 llis
769 1514 857 1586 adde,
874 1513 956 1592 qood
979 1515 1007 1575 io
1030 1514 1168 1593 catalogo
1184 1515 1318 1575 omnium

102 1619 227 1682 virorum
249 1620 412 1682 docturum
434 1618 578 1682 Coloniae
600 1621 785 1698 Agrippinae
807 1619 999 1682 addictorum
1024 1637 1111 1682 tremo
1134 1636 1260 1699 prorsus
1276 1621 1320 1682 io·

102 1728 221 1801 lenitur,
243 1728 293 1788 coi
317 1727 418 1788 omitia
440 1726 523 1805 signa
546 1729 727 1788 corovenioot
751 1735 872 1804 proeter
894 1727 1049 1789 latrdatom
1072 1727 1231 1788 Nicolaum
1249 1727 1269 1790 ¹.

174 1833 276 1896 Restat
299 1849 445 1895 numerus
465 1832 510 1894 lll.
525 1833 684 1894 oootioeos
703 1834 874 1896 testimonia
890 1835 1139 1896 concionatorum
1156 1841 1321 1912 protestan-

102 1939 170 2000 tium
192 1941 220 2000 in
244 1941 348 2002 banio.
372 1939 408 2000 Et
428 1940 552 2020 qnidam

176 2049 200 2105 l.
223 2045 394 2108 mooaeltos
417 2045 471 2107 luit
492 2045 688 2108 llcrborneos
707 2045 855 2124 cupidatis
869 2045 1083 2108 observantiae
1097 2046 1214 2107 ordinis
1229 2048 1321 2108 minc-

104 2167 165 2212 rom
186 2154 303 2232 quique
323 2151 364 2212 ab
385 2153 450 2213 istis
465 2152 531 2213 iuro
555 2152 663 2212 merito
678 2151 739 2213 dici
763 2153 861 2230 putuit
878 2151 1089 2214 aristotelicus
1105 2161 1134 2213 et
1149 2153 1320 2231 papisticus

104 2256 213 2331 doctor,
233 2259 386 2339 quidquid
410 2258 530 2320 tandem
553 2260 593 2320 sit
614 2259 652 2319 dc
675 2258 761 2320 titolo
778 2257 922 2332 doctoris,
936 2275 997 2337 qito
1018 2267 1119 2320 utrum
1143 2258 1182 2320 ab
1203 2259 1320 2321 uiliter·

103 2363 184 2425 sitate
205 2364 266 2426 ulla
290 2365 450 2442 insignitos
473 2365 682 2436 luceducente,
705 2381 831 2444 prorsus
853 2365 1013 2426 nescimus.
1037 2363 1177 2427 Ceterttm
1203 2372 1321 2426 constat

104 2469 155 2530 isto
176 2471 241 2549 ipso
264 2478 402 2549 tempore
424 2487 440 2532 a
464 2471 567 2532 inultis
588 2471 770 2532 Lotltmoois
792 2471 911 2533 titolum
934 2471 1069 2534 doctoris
1090 2473 1178 2533 ιιιιιιιι
1203 2488 1260 2532 non
1284 2471 1322 2534 la·

103 2583 177 2637 etum
200 2577 414 2657 nonnullisque
437 2578 509 2638 viris
532 2585 562 2639 ot
586 2593 694 2638 noolen
715 2578 969 2639 oomumeliosom
992 2578 1129 2640 additum
1153 2579 1244 2640 inisse
1260 2579 1282 2637 ¹.

175 2687 201 2745 ἲ.
223 2683 299 2756 Cum
321 2683 466 2746 Nicolnus
487 2683 626 2762 Stagelyr
649 2683 694 2745 rel
710 2683 897 2762 Slopebraod
920 2683 1116 2746 doctissimus
1131 2703 1146 2744 o
1163 2684 1323 2746 catholicis

105 2787 218 2852 babitus
239 2789 332 2851 luisse
354 2789 476 2850 dicatur
499 2789 629 2869 ideoque
653 2791 729 2852 inter
751 2789 893 2852 doctores
914 2790 1080 2852 Gerinaoos
1102 2806 1119 2852 a
1142 2791 1324 2854 Lutlterauis

105 2893 180 2958 solus
201 2897 376 2958 nominatos
396 2903 427 2958 et
447 2897 589 2958 cantione
610 2912 734 2976 ottoque
765 2896 984 2958 contumeliosa
1007 2896 1166 2976 sugillatus
1194 2897 1241 2968 sit,
1263 2913 1322 2960 ooo

104 2999 280 3074 dubitamus,
302 3002 375 3081 qoin
400 3002 465 3079 ipse
486 3002 525 3064 ab
545 3001 705 3082 Episcopis
728 3003 840 3064 Daciae
856 3003 956 3064 iussus
978 3003 1068 3080 luerit
1081 3002 1322 3065 Conlutatiunem

106 3108 234 3168 scribere
256 3123 387 3186 eamque
408 3122 515 3170 revera
538 3109 628 3170 etiam
650 3107 756 3170 saltem
774 3116 806 3170 ιιι
821 3117 929 3170 auctor
952 3109 1131 3188 principalis
1145 3126 1322 3189 composue-

106 3213 139 3274 rit
154 3213 172 3276 ⁸.
196 3213 287 3294 dtqtti
310 3213 530 3276 Conlutatioois
551 3213 645 3276 dictio
668 3221 722 3287 est,
745 3221 891 3294 utsupra
914 3222 1079 3290 ostensum,
1107 3216 1224 3278 Nicoloi
1253 3217 1324 3279 ller-

104 3322 212 3394 oornei‚
233 3321 323 3383 cuius
345 3337 454 3383 nomen
476 3320 620 3384 Nicolaus
641 3338 712 3385 cum
735 3322 857 3384 uotoioe
871 3325 1006 3385 auctoris
1020 3323 1239 3386 Cotllutatioois
1255 3341 1325 3387 cuo·

103 3427 213 3500 cordat,
235 3427 370 3489 discordi
403 3429 593 3504 cognomine.
625 3429 773 3502 Quoniam
797 3445 869 3490 vero
891 3445 1058 3505 cognomen
1092 3431 1245 3511 Stopel'po3
1277 3431 1324 3493 rel

105 3529 290 3614 b'topebrooti
312 3533 445 3595 inventio
468 3543 513 3594 est
540 3535 791 3596 concionatorum
816 3535 1068 3608 botberanorom,
1090 3537 1164 3598 niltil
1188 3537 1324 3616 impedit,

103 3641 261 3718 quontious
284 3639 421 3702 llloorita
446 3649 547 3702 noster
569 3640 627 3702 boe
648 3643 828 3720 cognomine
850 3641 888 3702 ab
912 3643 975 3702 istis
997 3648 1118 3704 notatos
1139 3643 1186 3715 sit,
1207 3659 1243 3704 co
1265 3659 1326 3706 tnu-

169 3881 178 3912 ¹
199 3883 224 3934 ln
246 3885 315 3935 ltttnc
333 3883 412 3934 linem
431 3889 553 3934 occorute
572 3882 790 3947 perlustravimus
809 3889 888 3936 totam
911 3903 924 3930 ι
939 3881 1123 3936 llibliutltecam
1143 3883 1324 3938 Colunleoseot

106 3970 128 4020 Ρ.
146 3971 247 4035 losepbi
268 3971 423 4022 llartzbeim.
442 3971 566 4024 Coloniae
585 3969 663 4023 tttt.
683 3971 751 4022 lolio.
770 3999 805 4008 ·-
827 3974 888 4023 ltcm
902 3971 942 4022 Fr.
956 3972 1001 4024 los.
1021 3987 1074 4024 von
1094 3973 1196 4036 blanco,
1218 3973 1263 4024 ille
1276 3974 1325 4026 olle

106 4057 254 4111 loit'ersiuit
272 4057 349 4110 libio.
367 4057 434 4110 tibio
455 4059 533 4111 lusti.
552 4061 568 4111 2
589 4059 640 4112 ool.

168 4142 238 4198 ’ct
258 4147 277 4198 l.
298 4147 417 4211 loorreo,
438 4148 592 4200 tiesclticbte
610 4147 658 4200 des
682 4147 825 4201 deutschen
848 4149 943 4202 l'olltcs
964 4149 1015 4201 Vll.
1043 4149 1099 4202 173.
1120 4179 1150 4188 -
1172 4151 1221 4216 ipsi
1246 4151 1323 4204 etlam

108 4233 299 4300 belmontenses
317 4235 456 4288 Lotborani
475 4237 502 4288 ln
523 4236 601 4288 Deoia
621 4249 682 4289 com
703 4243 854 4302 contempto
874 4237 907 4290 de
927 4236 1022 4290 tolibos
1040 4239 1118 4290 titulis
1143 4239 1325 4306 loquebantur.

109 4321 287 4392 buloniibopeo
306 4324 360 4376 Fol.
378 4325 412 4376 aa
432 4325 473 4390 (lt.
492 4325 529 4390 l),
547 4331 572 4377 ct
592 4323 661 4378 alibl.

171 4407 291 4466 'Eidem
311 4413 356 4466 Dr.
376 4413 432 4466 tlte.
449 4415 570 4480 superpo
588 4413 797 4466 Conlototiooem
817 4413 942 4468 adscribit
966 4416 1045 4467 elium
1072 4413 1115 4466 lic.
1136 4417 1275 4482 Engclstolt
1301 4416 1325 4468 in

113 4497 315 4566 «letormootrr
333 4503 358 4556 et
378 4499 534 4556 Catholici·
556 4515 583 4568 p.
603 4503 644 4554 20.
666 4501 708 4554 tt.
