3390 5096
510 329 639 377 nanctus
661 327 867 377 concusssus.
1236 309 1300 375 235

72 470 169 537 quam
196 453 299 539 gratia
322 453 387 520 sive
410 452 557 532 ebaritas,
575 469 631 538 per
654 469 748 539 quam
766 452 896 538 spiritus
911 452 997 519 carni
1014 451 1204 530 dominatur,
1222 451 1302 518 banc

70 566 180 626 autem
207 577 264 646 per
289 559 459 627 monastica
482 568 554 627 voa
576 577 638 627 non
663 560 755 626 modo
777 578 839 627 non
861 558 1050 637 labefactari,
1074 557 1171 626 minui
1196 566 1228 624 et
1249 557 1303 625 de-

70 667 181 750 primi,
207 685 319 735 verom
343 667 435 734 etiam
460 667 587 747 nutriri,
602 666 710 752 augeri
734 673 766 734 et
788 665 876 752 erigi,
893 665 965 751 quis
987 665 1045 732 nisi
1070 671 1155 732 totus
1170 663 1304 732 carnalis

70 790 133 838 non
160 773 333 860 intelligit?
355 773 436 858 Quin
462 773 486 840 si
511 772 586 859 quid
606 772 666 839 voti
690 773 858 840 necessitas
872 780 904 839 et
926 771 1073 857 obligatio
1089 770 1223 838 libertati
1240 770 1303 856 spi·

71 880 155 946 ritus
180 880 334 959 officeret,
358 879 445 946 nulla
468 880 561 965 plane
591 887 663 946 vota
693 878 878 946 Christianis
908 885 1014 946 essent
1037 877 1185 946 iacienda.
1214 876 1303 963 Quod

70 987 156 1053 enim
188 987 326 1073 quisque
361 987 447 1054 vovit
478 986 583 1070 (modo
615 1005 674 1053 non
708 987 748 1054 sit
771 986 868 1052 stulta
897 991 929 1052 et
952 983 1084 1052 infidelis
1115 984 1303 1070 promissio),

71 1093 150 1160 illud
177 1112 242 1160 oon
266 1101 314 1160 est
337 1094 397 1160 iam
414 1093 441 1160 ei
467 1093 601 1160 liberum
625 1093 788 1171 omittere;
814 1099 987 1160 vosautem
1010 1091 1116 1177 aliqua
1132 1102 1217 1160 certe
1234 1098 1305 1158 rota

70 1199 131 1266 boc
158 1201 230 1267 loco
252 1199 417 1268 admittere
440 1217 476 1266 ac
499 1199 634 1285 probare
666 1198 823 1266 videmini.
847 1197 997 1284 Quisquis
1019 1215 1095 1284 ergo
1125 1197 1305 1264 monasticis

70 1306 259 1374 huiusmodi
285 1306 365 1372 votis
388 1323 456 1374 sese
479 1305 582 1374 reddit
603 1305 788 1385 obnoxium,
812 1323 874 1372 non
900 1323 956 1390 per
979 1304 1233 1390 imprudentiam,
1257 1303 1303 1371 uti

71 1411 152 1480 labo
179 1431 234 1480 vos
256 1411 501 1491 calumniamini,
524 1420 556 1479 at
581 1430 636 1497 per
659 1429 815 1479 summam
850 1410 1033 1497 sapientiam
1058 1412 1153 1496 (quiae
1177 1409 1208 1476 in
1239 1410 1305 1476 sola

71 1519 230 1606 religione
254 1537 329 1586 vera
352 1519 553 1605 possidetur),
578 1537 639 1586 non
671 1518 744 1586 lacit
767 1525 876 1586 contra
898 1517 952 1585 llei
977 1517 1141 1585 consilium
1166 1525 1198 1584 et
1220 1535 1305 1583 com·

73 1626 269 1706 missionem,
293 1633 422 1693 auctore
446 1626 550 1704 Paulo,
574 1635 606 1692 at
629 1625 734 1710 potius
757 1625 815 1704 (uli
840 1643 925 1691 nnnc
947 1631 1106 1691 ostensum
1130 1627 1190 1704 est)
1214 1623 1306 1690 iuxta

73 1731 129 1799 Dei
155 1733 322 1800 consilium
345 1741 377 1799 et
400 1732 660 1812 commissionem,
684 1739 813 1800 anctore
838 1730 943 1809 Paulo,
966 1731 1020 1818 qui
1045 1737 1077 1798 et
1100 1729 1166 1816 ipse
1189 1729 1303 1797 Christi

73 1839 291 1925 praeceptoris
313 1839 361 1906 sui
385 1840 533 1924 exemplo
555 1838 593 1906 ad
617 1839 850 1917 continentiam,
867 1844 1081 1924 paupertatem
1106 1846 1137 1904 et
1159 1837 1305 1904 obedien-

73 1945 152 2012 tiam
184 1947 380 2013 cohortatur.
405 1945 514 2012 Omnis
541 1965 627 2032 ergo,
659 1947 712 2032 qui
747 1946 827 2012 votis
857 1943 1036 2012 huiusmodi
1068 1943 1236 2022 obnoxius,
1268 1961 1305 2010 ea

76 2052 183 2130 violat,
208 2051 439 2138 transgreditur
461 2059 493 2119 et
509 2053 599 2119 irrita
622 2052 705 2131 lacit,
722 2051 1009 2119 condemnationem
1028 2051 1132 2129 babet,
1156 2049 1305 2135 quemad·

76 2159 207 2226 modum
233 2159 396 2244 apostotus
417 2159 456 2226 de
487 2159 664 2226 iunioribus
695 2159 797 2225 viduis
820 2164 873 2236 ait,
897 2175 978 2243 qrrae
1002 2165 1071 2242 post
1098 2155 1305 2224 continentiae
1329 2171 1417 2218 nnn.
1443 2203 1449 2215 .

76 2273 185 2334 uotum
209 2265 248 2332 ad
273 2266 426 2333 secundas
449 2265 575 2351 nuptias
599 2265 771 2352 provolant.

383 2477 587 2544 luctuosus
612 2477 807 2544 VlGESlMUS
830 2477 1000 2562 Qtttttto's

169 2690 267 2776 lgitur
290 2689 395 2757 omnia
419 2691 606 2757 monasteria
622 2690 737 2758 debere
760 2689 901 2757 funditus
923 2691 1033 2768 everti,
1054 2698 1085 2756 et
1108 2689 1211 2757 omnia
1237 2697 1307 2754 vota

77 2795 215 2874 dissolvi,
239 2814 312 2864 cum
337 2797 400 2864 sint
423 2797 518 2882 impia
542 2815 599 2865 nec
622 2798 749 2881 quosvis
773 2797 889 2863 babere
913 2797 1032 2882 possint
1054 2797 1215 2883 obligatos.

604 3006 780 3097 Responsio.

166 3217 261 3308 (208)
285 3222 386 3290 Stulta
409 3230 481 3289 rou
503 3231 534 3290 et
557 3241 638 3308 quae
669 3223 768 3289 sacris
791 3222 889 3290 literis
916 3241 978 3289 non
1003 3223 1211 3303 consentiunt,
1244 3242 1305 3290 non

78 3329 179 3396 solum
205 3337 347 3414 possum,
371 3328 425 3396 sed
450 3330 519 3395 iure
542 3328 646 3394 divino
669 3327 784 3395 debent
815 3328 940 3407 resolvi,
963 3329 1117 3414 siquidem
1142 3329 1306 3414 promissio

80 3437 175 3504 stulta
198 3443 231 3504 et
254 3433 388 3502 infidelis
411 3452 472 3502 non
497 3435 598 3522 placet
621 3434 694 3500 Deo.
713 3434 809 3500 Eccle.
829 3436 858 3499 o.
875 3473 919 3482 —
936 3435 1052 3501 Verum
1078 3436 1108 3502 iu
1132 3453 1212 3520 quos
1228 3453 1306 3504 usus

79 3549 306 3611 convertantur
327 3550 389 3608 tam
414 3541 575 3628 splendida
594 3541 782 3608 monasteria
807 3541 1032 3608 monachorum
1058 3542 1226 3609 mendaciis
1249 3561 1306 3608 ex-

78 3657 210 3728 structa,
233 3666 314 3734 quae
342 3666 415 3716 cum
455 3665 566 3733 regum
592 3647 713 3732 palatiis
747 3646 785 3714 de
810 3647 987 3733 principatu
1017 3656 1138 3716 certare
1173 3649 1305 3734 possint,

78 3756 172 3822 situm
197 3754 300 3822 estin
332 3774 428 3822 manu
462 3771 629 3840 procerum
665 3753 752 3840 regni
787 3762 819 3821 et
842 3755 1054 3839 magistratus
1089 3755 1154 3822 sire
1183 3756 1306 3842 inpias

79 3862 212 3940 scholas,
236 3861 300 3928 sive
327 3861 515 3941 nosocomia,
539 3862 604 3928 sive
628 3861 658 3928 in
683 3861 759 3927 alios
783 3861 850 3946 pios
873 3878 951 3928 usus
982 3869 1176 3929 commutare
1200 3863 1306 3943 velint,

80 4169 152 4230 dum,
172 4175 201 4224 ut
219 4183 265 4224 soa
280 4177 364 4223 morte
383 4183 432 4222 uos
449 4165 581 4232 liberaret,
599 4175 679 4236 ntqne
697 4182 712 4219 a
732 4165 828 4222 mortis
847 4166 999 4237 tyrannide,
1016 4167 1135 4234 adeoquo
1154 4181 1168 4220 a
1186 4167 1306 4224 &atnoe

80 4258 190 4314 condic
208 4267 313 4324 creptos
331 4257 356 4312 iu
375 4271 487 4324 regnum
506 4258 603 4325 alioqui
624 4257 819 4324 pacatissimum
839 4259 983 4310 transteret.
1003 4256 1025 4308 D
1043 4255 1094 4310 tib:
1121 4257 1223 4310 ludaeis
1251 4270 1307 4321 ger·

81 4363 156 4401 mana
177 4363 228 4402 non
246 4347 343 4413 obtigit
360 4346 473 4412 libertas,
492 4347 538 4414 qui
557 4361 606 4400 suo
624 4349 686 4400 llosi
706 4345 803 4400 addicti
816 4347 905 4398 omniu
923 4345 957 4399 ad
970 4343 1078 4400 carnem
1092 4345 1259 4413 torquebant.
1270 4372 1307 4385 -

81 4437 199 4490 Cetertrm
220 4443 273 4490 toto
292 4439 342 4492 boc
360 4449 384 4490 c.
406 4437 442 4489 ΙΙΙ.
461 4435 577 4490 llonadls
590 4435 796 4502 praeclarissime
808 4436 929 4500 ostendit,
951 4435 1045 4489 «l'ota
1060 4435 1201 4488 monastica
1221 4447 1307 4502 neque

81 4527 225 4580 libertatem
244 4525 370 4592 adimere,
388 4539 474 4594 neque
494 4525 601 4578 monadi
620 4539 709 4579 sacrae
728 4523 863 4578 adversari
877 4545 902 4578 ι.
