3364 5092
503 344 632 393 rnorrus
654 343 861 393 counnussus.
1231 320 1293 387 137

68 469 262 538 uocationem
287 470 377 538 nobis
400 469 605 538 necessariam
630 469 721 537 nullav
739 475 848 554 aperta
871 467 1030 552 scriptura
1053 482 1143 552 posse
1163 463 1294 533 ostendi.

67 577 100 643 Et
123 577 221 644 bodie
243 595 372 663 guoque
403 576 434 643 id
456 576 605 644 docemus
637 575 686 643 rel
716 572 982 651 constantissime;
1007 589 1065 640 neo
1088 587 1197 639 eorum
1223 569 1296 636 reli-

66 685 156 768 quias
180 701 219 751 ac
242 684 394 769 imagines
416 683 693 750 dehonestamento
715 681 881 760 afficimus,
905 679 959 746 ubi
990 679 1150 757 docemus,
1173 681 1296 744 sancto

66 809 136 856 rum
162 791 234 877 (qui
266 791 297 856 in
322 790 381 857 bac
405 789 527 857 mortali
551 806 646 856 carne
669 787 832 855 nobiscum
858 785 1099 868 conversantur)
1122 783 1295 851 nuditatem

67 897 186 965 rectius
209 897 307 963 levari
332 904 479 982 oportere
510 913 589 962 auro
620 902 652 962 et
674 901 815 980 argento,
839 910 933 979 quam
966 897 1086 959 statuas
1109 890 1140 956 in
1172 890 1297 975 templis

66 1002 123 1070 illis
148 1012 216 1070 tam
241 1011 426 1088 sumptuose
448 1002 554 1068 ornari
579 1019 651 1070 cum
677 1019 787 1087 magua
823 1017 998 1086 pauperum
1022 997 1147 1076 iniuria,
1171 1004 1202 1064 et
1225 1014 1297 1064 san-

65 1116 193 1176 ctorum
211 1127 287 1178 ossa
311 1109 399 1176 humi
423 1107 606 1176 defodienda
628 1125 707 1186 esse,
731 1115 762 1174 et
786 1106 936 1193 imagines
966 1123 983 1173 e
1007 1104 1122 1190 templo
1149 1121 1296 1170 amoven-

65 1213 130 1294 das,
154 1234 239 1302 quae
255 1215 448 1282 idololatriae
464 1215 615 1301 praebent
631 1214 834 1293 occasionem,
850 1212 934 1299 quod
951 1229 1043 1297 saepe
1058 1212 1190 1279 antebac
1207 1209 1296 1276 nobis

66 1330 267 1407 compertum
291 1329 348 1389 est.

531 1531 624 1617 (102)
648 1529 835 1602 mamutio.

157 1749 428 1834 Quemadmodum
452 1748 492 1815 de
515 1748 714 1815 veneratione
737 1754 929 1826 sanctorum,
946 1746 1151 1832 reliquiarum
1176 1751 1207 1811 et
1223 1743 1297 1809 ima·

69 1856 178 1940 gioom
203 1856 326 1942 plebem
351 1855 466 1922 Christi
483 1854 664 1934 docueritis,
681 1855 748 1940 ipsa
763 1855 844 1921 lacta
860 1855 1046 1940 loquuntur,
1070 1851 1196 1937 quando
1212 1868 1296 1917 com·

70 1961 217 2045 pluribus
240 1963 272 2028 in
297 1963 382 2040 lucis,
406 1961 524 2047 quibus
546 1961 605 2028 ista
627 1961 708 2028 lacta
740 1968 843 2028 vestra
874 1959 1087 2038 dominantur,
1111 1976 1173 2024 non
1204 1956 1296 2024 modo

71 2066 220 2154 imagines
243 2087 285 2136 ex
309 2069 434 2154 templis
456 2086 619 2147 excussae,
643 2076 674 2134 et
698 2067 849 2153 reliquiae
872 2067 939 2134 suis
968 2065 1161 2132 ornamentis
1183 2081 1297 2149 exspo

72 2173 172 2254 liatae,
197 2194 307 2242 rerum
331 2176 425 2242 etiam
442 2175 526 2261 ipsae
541 2174 686 2242 dirorum
703 2173 799 2242 leriae
814 2191 886 2240 cum
910 2172 994 2239 omni
1019 2171 1107 2238 cultu
1131 2177 1163 2238 et
1178 2171 1297 2237 bonore

71 2297 128 2346 suo
153 2300 286 2368 prorsus
307 2283 474 2367 abrogatae
494 2289 578 2361 sunt,
604 2281 782 2367 passimque
798 2279 1010 2365 blasphemiae
1025 2286 1057 2345 et
1079 2276 1219 2345 convicia
1234 2294 1297 2342 non

72 2385 101 2451 in
126 2389 205 2456 alios
227 2389 319 2455 modo
342 2395 476 2468 sanctos,
501 2405 612 2455 rerum
637 2388 729 2454 etiam
754 2387 948 2478 insanctam
981 2389 1162 2452 sanctorum
1186 2381 1297 2468 Deipa-

73 2511 139 2560 ram
164 2495 317 2581 uirginem
342 2495 468 2562 blariam
493 2495 622 2562 licenter
637 2503 669 2561 et
685 2495 812 2579 impune
828 2493 1019 2560 iactitantur.
1043 2491 1194 2576 Quocirca
1210 2489 1298 2555 nullo

73 2599 197 2683 quidem
221 2621 263 2668 ex
295 2601 389 2667 animi
421 2600 503 2680 odio,
534 2600 565 2668 id
587 2600 673 2687 quod
704 2599 790 2666 novit
813 2599 849 2678 is,
873 2598 928 2684 qui
952 2598 1038 2665 solus
1061 2614 1115 2663 cor
1143 2597 1297 2672 intuetur,

73 2705 147 2773 baec
173 2707 262 2774 robis
284 2707 456 2774 obiecimus
479 2710 629 2791 (errores,
646 2707 756 2786 lateor,
773 2713 893 2774 vestros
908 2704 1042 2784 odimus,
1059 2722 1120 2770 non
1137 2719 1296 2787 personas,

73 2813 188 2897 quibus
213 2821 340 2900 praeter
363 2833 470 2882 sanam
496 2821 632 2882 mentem
656 2822 687 2880 et
710 2813 883 2880 doctrinam
907 2811 986 2879 nibil
1009 2808 1245 2896 imprecamurl,
1266 2815 1299 2876 at

73 2917 113 2984 ita
135 2923 288 2988 certiores
311 2921 395 3002 lacti,
419 2939 491 2988 cum
516 2941 557 2989 ex
583 2921 692 2988 incolis
716 2921 802 3007 regni
827 2919 888 2987 lide
903 2919 1016 3005 dignis,
1040 2927 1107 2986 tum
1123 2935 1165 2984 ex
1182 2915 1298 2984 secutis

74 3024 231 3096 doctrinae
256 3038 378 3096 vestrae
406 3029 572 3107 fructibus,
607 3035 684 3106 tum,
708 3027 792 3112 quod
824 3026 901 3093 mibi
933 3024 1143 3093 certissimum
1166 3031 1224 3103 est,
1255 3040 1297 3089 ex

73 3131 182 3202 libellis
205 3135 298 3202 editis
321 3153 378 3220 per
403 3135 570 3202 nonnullos
586 3135 728 3201 lectionis
745 3141 866 3199 vestrae
889 3131 1056 3217 complices
1072 3131 1102 3197 in
1120 3129 1296 3208 Germania,

75 3241 189 3324 quibus
213 3242 368 3308 invocatio
391 3248 571 3309 sanctornm
597 3249 745 3326 tanquam
770 3239 944 3306 idololatria
968 3238 1058 3324 plane
1081 3237 1238 3322 culpatur.
1256 3236 1297 3302 Ea

75 3347 97 3410 si
122 3367 180 3416 non
205 3349 248 3416 sit
272 3348 423 3433 impietas,
454 3356 521 3415 tum
553 3347 627 3433 quid
660 3347 700 3413 sit
724 3345 875 3432 impietae,
907 3362 957 3412 me
985 3344 1129 3430 ignorare
1154 3343 1297 3409 lubenter

74 3469 213 3537 agnosco.
240 3455 357 3522 Verum
382 3461 486 3522 vestro
510 3472 597 3521 more
612 3452 695 3520 aliud
721 3453 803 3519 inter
820 3458 940 3518 vestros
962 3451 1063 3537 agitis,
1088 3447 1174 3516 aliud
1190 3466 1296 3516 coram

75 3557 229 3630 indicibus
251 3563 388 3630 accusati
414 3561 617 3650 respondetis.

159 3670 219 3738 Sed
244 3677 280 3736 ut
302 3669 414 3738 demus
437 3669 574 3748 interim,
590 3668 677 3734 nulla
695 3685 783 3753 posse
799 3673 908 3751 aperta
922 3664 1042 3733 ostendi
1067 3663 1234 3748 scriptura,
1250 3661 1297 3730 di·
1320 3671 1353 3718 ὓ·
1365 3671 1452 3717 motis·

77 3792 184 3844 rorum
210 3777 435 3844 invocationem
460 3775 550 3842 nobis
573 3793 641 3842 esse
665 3775 848 3860 simpliciter
864 3779 895 3840 et
914 3773 1057 3840 absolute
1081 3770 1297 3847 necessariam,

77 3885 193 3951 tametsi
220 3883 264 3964 (ni
287 3882 391 3965 fallor)
415 3881 539 3951 abunde
564 3881 624 3948 iam
649 3889 833 3948 constater
862 3880 909 3958 iis,
933 3897 1014 3966 quae
1038 3879 1070 3945 in
1094 3877 1197 3964 primo
1224 3895 1298 3944 con-

76 4007 182 4073 gremu
206 3989 245 4057 de
271 3989 435 4076 Evangelio
457 3988 675 4067 disseruimus
699 4005 793 4074 quam
820 4003 932 4072 parum
964 3987 1076 4054 babeat
1100 3985 1215 4052 sirium
1240 3983 1299 4050 ista

76 4097 321 4182 argumentatio;
345 4104 447 4164 umen
471 4095 555 4181 quod
579 4113 636 4162 nec
660 4095 711 4160 itis
735 4093 854 4160 inficias
881 4110 937 4160 nec
962 4092 1080 4159 inficias
1101 4091 1147 4158 ire
1170 4091 1299 4178 potestis

77 4219 139 4272 earn
164 4205 310 4290 apprime
333 4204 440 4272 utilem
465 4221 550 4272 esse:
575 4221 633 4270 cur
657 4208 743 4269 tanto
774 4201 961 4287 pusillorum
985 4199 1182 4277 olleudiculo,
1213 4197 1299 4282 quod

77 4313 131 4378 sub
156 4321 219 4380 tam
243 4312 331 4398 gravi
355 4310 593 4380 comminatione
624 4309 769 4377 Christus
792 4307 902 4386 vetuit,
932 4307 1035 4374 oleum
1060 4313 1096 4373 ut
1118 4306 1217 4382 aiunt,
1248 4323 1298 4372 ca·
1322 4310 1397 4356 “dll-
1411 4308 1445 4355 ¹⁸·

78 4421 157 4487 utino
179 4417 370 4497 adiicientes,
404 4419 480 4485 baec
510 4417 730 4495 disseminatis,
761 4413 946 4500 etquidem
978 4417 1028 4498 (ut
1058 4413 1153 4480 stulte
1183 4411 1298 4494 dicitis)

78 4525 333 4605 constantissime,
357 4525 389 4592 iu
414 4526 544 4610 vulgum
568 4524 641 4609 plus
664 4523 738 4590 satis
761 4521 800 4588 ad
825 4521 877 4589 llei
902 4528 1147 4608 sanctorumque
1177 4518 1300 4588 cultum
