3390 5096
550 313 679 362 6666666
701 311 907 362 6666666666.
1280 298 1337 362 111

106 445 272 520 tenemus,
295 439 349 525 qui
375 439 441 506 sine
465 438 649 524 purgatorio
684 437 794 523 utique
830 437 1013 522 superfluus
1047 445 1188 505 6666166
1213 438 1341 506 inutilis.

104 542 194 611 Unde
219 545 379 632 quidquid
403 552 510 630 postca
533 544 593 612 sub
616 543 759 612 articulis
783 543 1059 610 111111611111111
1083 561 1143 628 pro
1158 561 1235 611 cura
1259 562 1342 612 mor-

104 655 243 718 tuorum
281 652 461 732 6116666666,
481 669 543 737 pro
578 649 762 718 stabiliendo
791 668 919 736 qnoque
954 650 1138 735 purgatorio
1173 651 1264 730 valet,
1288 651 1342 720 sed

103 757 184 823 nibil
211 776 280 825 non
305 777 364 826 suo
386 759 454 826 loco
477 764 509 825 et
533 765 674 842 tempore
696 756 873 824 dicendum.
898 756 970 822 Mihi
994 774 1068 824 sane
1093 775 1153 824 non
1177 757 1280 826 minus
1295 765 1344 825 est

102 869 237 930 certum
264 859 491 951 purgatorium
510 881 588 943 esse,
624 881 719 949 quam
750 881 818 930 esse
853 863 902 930 661
936 863 1057 930 coelum
1093 863 1141 929 vei
1173 870 1340 930 tartarum.

102 967 207 1036 Porro
233 989 296 1038 cur
319 977 382 1038 1666
407 987 501 1056 parce
524 977 555 1038 et
579 977 658 1038 tecte
681 969 810 1038 omnino
832 968 955 1036 divinae
971 968 1088 1036 1116666
1103 967 1142 1035 de
1159 969 1342 1054 purgatorio

102 1073 299 1160 loquamur,
323 1077 353 1145 id
376 1076 521 1163 equidem
544 1076 575 1144 in
601 1095 696 1144 66666
718 1093 787 1144 esse
815 1074 1012 1154 crediderim,
1040 1082 1107 1142 tum
1139 1075 1223 1160 quod
1258 1075 1342 1160 apud

102 1179 256 1262 ludaeos,
279 1183 397 1269 quibus
412 1183 557 1250 Christus
583 1191 614 1250 et
637 1184 706 1250 6166
719 1181 862 1267 ‚Apostoli
887 1181 1020 1248 verbum
1044 1181 1098 1248 Dei
1124 1181 1262 1266 primum
1286 1201 1342 1248 an-

102 1287 313 1367 nuntiabant,
330 1307 408 1357 cura
425 1296 622 1356 morinorum
640 1290 734 1374 (quae
751 1287 969 1373 purgatorium
994 1288 1155 1372 supponit)
1179 1287 1341 1372 agebatur,

102 1409 144 1458 ex
172 1394 353 1462 maioribus
376 1403 449 1462 ante
473 1395 570 1481 legem
596 1413 652 1480 per
675 1412 788 1461 manus
811 1392 924 1460 tradita
947 1399 978 1460 61
1001 1401 1146 1478 accepta;
1173 1400 1239 1460 tum
1257 1394 1341 1479 qnod

101 1500 193 1584 apud
220 1509 331 1587 gentes
353 1501 384 1568 in
410 1501 563 1587 principio
586 1501 742 1568 666666116
766 1499 917 1566 Ecclesiae
940 1517 1048 1566 omnes
1064 1499 1129 1566 lere
1153 1500 1183 1566 in
1210 1500 1342 1585 pbiloso-

103 1605 183 1690 phia
209 1606 302 1674 16666
319 1607 476 1684 Platonici,
499 1605 554 1691 qni
578 1623 704 1672 omnem
729 1622 859 1690 poenam
884 1603 1011 1671 1616666
1027 1605 1108 1672 61166
1127 1605 1339 1690 purgatoriam

104 1719 138 1778 61
168 1714 380 1799 temporalem
406 1711 613 1790 adserebant;
638 1716 705 1777 tum
729 1711 875 1796 denique,
899 1710 982 1796 quod
1015 1710 1075 1777 boc
1097 1711 1136 1777 de
1160 1711 1342 1796 purgatorio

104 1817 227 1904 dogma
256 1818 443 1885 mortalibus
474 1817 622 1884 blandum
647 1824 678 1884 61
701 1822 826 1902 gratum
850 1824 897 1883 est
920 1822 1015 1902 atque
1039 1817 1160 1884 creditu
1186 1817 1341 1902 perfacile,

106 1924 232 1992 scilicet
255 1931 292 1991 nt
316 1925 410 1991 bomo
430 1924 523 1991 etiam
548 1922 720 2009 quamlibet
743 1923 915 1989 sceleratus
939 1931 1006 1990 tum
1032 1923 1216 2008 purgatione
1241 1923 1341 1990 166166

105 2027 145 2096 de
162 2032 270 2098 661616
293 2049 354 2097 666
371 2030 525 2116 desperet.
552 2028 682 2096 Proinde
705 2028 744 2096 ad
768 2029 910 2096 bomines
932 2029 1050 2095 avitiis
1068 2029 1179 2096 timore
1196 2028 1341 2114 supplicii

107 2133 337 2204 absterrendos
357 2136 481 2204 divinae
505 2137 613 2204 literae
636 2136 761 2221 saepius
784 2141 814 2202 et
837 2135 978 2220 apertius
1001 2143 1128 2202 aelerna
1152 2135 1241 2202 nobis
1265 2135 1343 2201 inl-

109 2259 226 2310 rorum
251 2250 407 2310 tormenta
431 2248 619 2328 proponunt.
644 2243 714 2327 Quo
737 2241 854 2310 lactum
877 2249 924 2309 est
947 2241 1052 2320 etiam,
1077 2248 1113 2308 nt
1128 2260 1146 2308 a
1163 2241 1271 2308 mullis
1295 2259 1343 2308 se-

109 2349 194 2416 culis
210 2348 383 2436 purgatorii
408 2349 486 2417 fides
505 2350 688 2417 inconcussa
704 2348 800 2416 luerit
816 2349 845 2414 in
863 2348 1008 2428 Ecclesia,
1024 2349 1122 2415 donec
1138 2348 1342 2415 exorirentur

109 2455 240 2522 tandem
266 2455 426 2536 baeretici,
442 2456 496 2541 qui
516 2456 593 2522 61166
609 2455 673 2523 1666
690 2455 877 2534 blandiores,
895 2456 945 2522 luc
963 2462 1064 2521 tamen
1082 2455 1342 2533 inclementiores

110 2559 185 2627 odio
208 2569 240 2629 61
257 2561 372 2628 invidia
387 2561 557 2640 excaecati,
573 2568 723 2647 negarent
741 2561 969 2647 purgatorium.
987 2562 1062 2627 Nam
1079 2556 1164 2644 (118)
1181 2560 1342 2639 16616611,

110 2667 259 2736 Saraceni
273 2673 304 2734 61
315 2667 435 2747 Graeci,
445 2667 598 2734 Romanae
611 2667 692 2735 sedis
703 2667 784 2746 odio,
793 2667 843 2734 661
858 2667 1028 2752 primatum
1041 2666 1152 2734 cedere
1161 2667 1257 2734 coacti
1271 2667 1343 2734 1616-

111 2781 194 2854 sent,
214 2772 318 2860 ipsum
334 2773 551 2852 sustulerunt;
574 2773 752 2858 ilbigenses
776 2791 861 2852 6666,
884 2773 1063 2852 Valdenses,
1080 2773 1236 2852 Violevici,
1265 2774 1344 2840 1166-

111 2879 190 2948 61661
215 2898 233 2948 6
258 2878 391 2947 iluibeni
416 2879 532 2947 invidia
555 2881 628 2947 cleri
654 2899 695 2946 ex
719 2881 832 2966 opibus
855 2879 1036 2964 deliciisque
1060 2880 1160 2964 ipsius
1183 2889 1342 2966 concepta,

113 2988 185 3067 rati,
201 3005 235 3054 se
253 2987 311 3053 bac
324 2986 372 3053 via
387 2985 537 3054 Ecclesiae
550 3005 625 3071 opes
637 2986 725 3054 166116
741 2986 912 3065 ablaturos,
925 2985 949 3052 si
968 2985 1059 3052 modo
1077 2986 1248 3070 purgatorii
1267 2986 1343 3054 tides

113 3091 308 3160 ementibus
330 3092 494 3159 bominum
517 3091 633 3159 aboleri
659 3099 772 3178 posset.
797 3092 905 3159 Graeci
931 3097 1034 3158 lamen
1066 3091 1252 3159 1666661116
1276 3093 1342 3160 Eio-

114 3200 240 3266 6661166
255 3197 316 3266 sub
333 3198 470 3283 Eugenio
488 3198 534 3264 iV.
552 3216 693 3266 errorem
710 3199 873 3284 agnovisse
886 3199 1033 3265 16666166
1049 3205 1080 3265 61
1096 3199 1267 3266 abiurasse.
1284 3199 1341 3266 Sed

114 3305 230 3390 uulgus
252 3303 444 3371 Graecorum
464 3305 495 3371 in
511 3304 640 3372 eandem
665 3312 772 3389 postea
789 3304 931 3372 haeresin
949 3303 1065 3370 dicitur
1088 3322 1155 3372 esse
1173 3305 1341 3390 relapsum.

184 3517 398 3586 ι661666.)
872 3515 927 3584 ’n
949 3519 1082 3586 traam

182 3605 194 3637 ⁸
219 3627 232 3654 6
246 3605 359 3662 Armeni
376 3608 513 3674 proprium
533 3607 630 3660 nobem
649 3607 798 3674 primatem,
815 3621 896 3676 quem
920 3608 1078 3660 catholicum
1098 3609 1228 3674 appellent
1246 3611 1343 3678 cuique

114 3695 241 3750 obediunt
260 3697 331 3750 velut
349 3697 422 3750 alteri
441 3711 536 3762 popae.
556 3699 582 3750 16
611 3696 785 3750 celebratione
814 3696 904 3750 natalis
932 3696 1031 3750 domini
1051 3703 1147 3764 666661,
1172 3699 1233 3765 6616
1254 3698 1279 3750 16
1300 3699 1343 3752 die

115 3783 275 3852 Epiphaniae
293 3785 454 3839 nativitatem
474 3785 574 3838 domini
602 3784 742 3838 celebrent.
768 3785 1004 3852 Quadragesimam
1024 3783 1166 3839 observent
1184 3787 1279 3840 6161616.
1299 3789 1342 3840 Sa·

114 3873 234 3926 cerdotes
251 3887 345 3926 eorum
365 3873 391 3926 ln
411 3872 498 3926 missis
517 3887 615 3941 equam
644 3875 707 3927 vino
735 3888 786 3926 non
811 3879 955 3940 opponunt,
974 3873 1043 3928 sicut
1063 3888 1110 3926 noc
1129 3875 1237 3938 Graeei;
1256 3877 1343 3930 clerici

115 3968 218 4024 portent
236 3975 347 4015 corones
366 3962 432 4016 16166
449 3969 475 4016 61
494 3963 629 4030 66166166,
648 3969 673 4016 61
693 3962 750 4014 16161
769 3977 859 4015 eorum
880 3963 945 4016 tonsi
965 3968 1025 4015 6661
1043 3961 1174 4028 capitibus
1187 3964 1211 4014 iu
1233 3965 1343 4018 modum

114 4051 209 4104 666616.
227 4051 254 4104 16
275 4051 354 4104 settis
372 4051 443 4104 166116
462 4065 553 4104 carnes
572 4051 716 4104 comeduut
733 4057 759 4104 61
777 4049 906 4106 Suriout's
927 4052 983 4118 (qui
996 4052 1156 4104 Graecorum
1170 4053 1343 4106 institutiones

114 4145 136 4192 et
155 4139 223 4192 61166
241 4139 270 4192 in
287 4139 413 4194 omnibus
431 4141 566 4194 imitantur
584 4147 610 4194 et
637 4147 736 4194 secreta
765 4140 971 4194 Christianorum
1001 4140 1033 4194 od
1063 4139 1180 4193 tutideles
1200 4141 1343 4206 proditorie

9 4223 14 4238 '
114 4227 245 4293 deterunt)
264 4229 456 4282 contrectentur
468 4249 493 4282 ι.
514 4231 547 4282 116
568 4231 718 4284 Bernartius
737 4228 974 4296 Lutzenburgensis
993 4230 1017 4281 in
1042 4229 1189 4296 ‹Cotoiogo
1203 4232 1344 4283 baeretico-

115 4329 196 4369 rum»
218 4315 308 4370 colon.
331 4315 409 4371 1517.
428 4319 456 4371 F.
474 4317 554 4370 3.-
573 4317 686 4373 Amnem
704 4319 842 4371 occasione
867 4319 969 4370 concilii
989 4317 1127 4370 Florentini
1147 4319 1276 4370 Ecclesiae
1296 4319 1344 4372 ilo·

116 4417 208 4458 manoe
229 4405 322 4458 iterum
342 4405 538 4471 uniti‘iirerent,
558 4407 804 4461 6116616166116116
825 4406 941 4476 Enpeuit'
958 4407 1012 4462 lV:
1037 4408 1178 4460 «Exultate
1198 4407 1343 4461 06661116·

116 4493 162 4546 1661
183 4499 309 4560 666166»,
329 4494 356 4548 61.
375 4495 401 4548 7.
421 4495 466 4548 161.
487 4495 564 4548 tiss.
