3384 5082
347 217 412 286 236
662 237 857 288 consorano
880 219 1112 289 nnrnnnamsm
1135 242 1253 290 usuros.

347 369 384 428 ut
406 379 468 428 non
492 361 533 430 sit
555 379 682 430 necesse
705 371 872 450 propterea
887 383 923 431 ea
937 365 1079 432 demoliri
1096 373 1128 433 et
1144 367 1211 433 solo
1232 385 1379 453 aequare,
1397 367 1487 453 quod
1505 368 1582 434 otio

347 485 455 535 sorum
481 476 628 538 centrum
651 469 812 538 desierunt
835 489 903 539 esse
928 471 1066 539 latibula.

866 680 1054 754 monuero.

436 894 586 963 ludimus
617 895 667 962 iric
696 896 938 982 propositionem
972 898 1062 984 longe
1094 899 1300 979 verissimam,
1330 916 1443 985 nempe
1480 900 1585 966 stulta

348 1009 429 1081 vota,
453 1008 485 1068 et
507 1019 589 1088 qliae
613 1002 711 1069 sacris
734 1001 834 1070 literis
856 1021 919 1070 non
943 1004 1153 1084 consentiunt,
1177 1023 1239 1072 non
1263 1006 1364 1072 solum
1380 1023 1495 1091 posse,
1525 1003 1582 1072 sed

346 1108 441 1176 eliam
464 1107 579 1176 debere
602 1109 672 1176 iore
695 1107 801 1176 divino
824 1110 971 1189 rescindi,
994 1110 1148 1198 siquidem
1173 1111 1338 1196 promissio
1361 1113 1458 1179 stulta
1483 1119 1519 1180 et
1536 1112 1584 1178 in·

178 1227 247 1284 lm
261 1227 282 1282 ³.
297 1227 328 1284 e)
348 1211 448 1280 fidelis
471 1233 532 1282 non
558 1215 658 1301 placet
679 1215 751 1282 Deo.
771 1216 868 1284 Eccle.
886 1218 917 1283 δ.
940 1217 1017 1301 Quis
1041 1217 1100 1284 iroc
1123 1218 1172 1285 vel
1197 1217 1321 1303 ignorat
1343 1218 1392 1284 vel
1416 1219 1584 1286 inliciatnr

348 1335 469 1396 eorsum,
493 1317 547 1404 qni
573 1318 664 1386 modo
688 1319 735 1387 rel
759 1337 778 1386 a
802 1319 907 1387 limine
923 1327 979 1387 aut
993 1321 1192 1408 Theologiam
1216 1328 1273 1387 aut
1295 1322 1582 1407 inrisprndentiam

348 1425 515 1494 salutarior
531 1427 567 1490 ¹?
591 1425 790 1511 Quapropter
813 1425 896 1493 istud
920 1427 1005 1494 ultro
1035 1426 1148 1494 damus
1178 1433 1209 1494 et
1240 1427 1384 1494 lubenter
1414 1427 1583 1514 amplecti-

348 1549 432 1600 mur.
456 1535 491 1598 lt
514 1538 735 1617 exspectamus
769 1533 1027 1618 assumptionem,
1062 1551 1174 1619 nempe
1209 1535 1379 1601 monastica
1402 1543 1474 1600 vota
1510 1551 1584 1600 esse

349 1622 626 1718 istiusmodi;'hoc
649 1655 739 1724 opus,
764 1639 815 1706 hic
839 1639 926 1706 labor
950 1649 1006 1708 est.
1032 1641 1092 1707 Nos
1108 1641 1190 1708 enim
1214 1641 1419 1724 apertissimis
1434 1641 1584 1726 eloquio·

349 1764 422 1812 rum
446 1745 499 1813 [lei
525 1745 710 1813 testimoniis
742 1746 802 1812 iam
827 1745 987 1814 diversum
1020 1746 1232 1814 ostendimus·
1247 1747 1365 1814 Verum
1389 1747 1472 1833 quod
1500 1748 1583 1813 haec

348 1851 535 1919 diffidebatis
557 1852 712 1930 evincere,
736 1853 879 1920 consulto
902 1853 1108 1932 sustinuistis
1132 1861 1163 1921 et
1185 1854 1273 1940 quasi
1300 1862 1451 1921 venenata
1473 1853 1584 1921 casada

350 1959 509 2027 recondita
532 1968 626 2045 capnt
649 1959 844 2026 solummodo
868 1960 1052 2045 protulistis.
1078 1961 1120 2026 En
1145 1979 1209 2047 qno
1227 1969 1299 2028 astu
1323 1961 1506 2046 serpentino
1533 1960 1582 2026 si-

350 2084 445 2152 perea
468 2066 633 2152 progenies
656 2066 714 2132 ista
739 2074 871 2133 matrem
889 2085 989 2146 suam,
1007 2085 1118 2152 nempe
1135 2068 1336 2134 monasticam
1354 2067 1462 2146 vitam,
1478 2067 1581 2134 inter-

350 2173 447 2240 imere
471 2184 602 2240 conetur
619 2175 655 2238 ll
679 2172 736 2241 Sed
762 2182 797 2241 ut
820 2180 988 2259 sequentes
1011 2175 1105 2241 vestri
1135 2174 1226 2242 istius
1250 2174 1404 2259 Evangelii
1429 2173 1582 2240 llosculos

350 2281 488 2347 breviter
511 2281 711 2364 attingamus,
737 2279 884 2365 proiecto
908 2281 933 2347 si
958 2279 1030 2348 alibi
1056 2299 1207 2366 unquam,
1230 2281 1282 2349 hic
1306 2281 1355 2348 vel
1382 2281 1522 2348 maxime
1547 2281 1580 2346 in

350 2387 478 2472 proclivi
504 2395 550 2454 est
568 2386 683 2466 nidere,
699 2405 760 2452 non
785 2387 956 2472 simplicem
982 2405 1037 2454 vos
1053 2387 1170 2455 habere
1185 2387 1323 2454 oculum
1340 2387 1416 2453 Nam
1433 2386 1583 2472 pauculis

350 2493 381 2560 in
407 2493 521 2572 verbis,
545 2511 626 2579 qrrae
650 2493 792 2560 hocloco
816 2499 1005 2580 sequnntur,
1022 2494 1142 2561 animos
1158 2501 1279 2561 vestros
1296 2493 1409 2581 triplici
1428 2493 1581 2559 vitiorum

350 2609 437 2686 peste
461 2599 716 2685 corruptissimos
739 2618 806 2667 esse
830 2619 924 2686 qnam
949 2601 1145 2686 apertissime
1167 2601 1307 2687 patescit.

440 2707 604 2792 Principio,
620 2707 692 2792 quis
708 2725 769 2772 noo
787 2707 881 2786 ridet,
899 2707 1031 2774 invidiae
1047 2707 1157 2774 morbo
1173 2725 1229 2773 vos
1244 2707 1435 2786 excruciari,
1450 2705 1582 2792 qnando

350 2813 430 2880 male
455 2832 510 2880 vos
543 2814 657 2880 habent
688 2812 849 2899 splendida
880 2813 1079 2894 monasteria,
1103 2831 1195 2900 qliae,
1221 2822 1256 2880 nt
1285 2812 1434 2880 invidiose
1464 2811 1582 2889 dicitis,

351 2938 423 2987 cum
447 2937 557 3006 regom
582 2920 704 3006 palatiis
727 2920 766 2987 de
783 2919 960 3007 principatu
984 2929 1107 2988 certare
1125 2921 1254 3006 possint.
1278 2921 1314 2986 dt
1328 2920 1433 2998 dicite,
1449 2937 1582 3005 quaeso,

352 3026 440 3106 niihi,
464 3026 539 3113 quid
564 3025 687 3094 tandem
713 3027 827 3112 piaculi
844 3027 895 3105 sit,
918 3028 944 3094 si
968 3029 1146 3113 complures
1165 3025 1257 3112 (209)
1276 3027 1335 3094 *Dei
1360 3025 1505 3104 ministri,
1524 3044 1583 3092 no

351 3140 417 3202 cles
440 3139 535 3220 atque
558 3133 625 3200 dies
649 3151 707 3219 pro
731 3140 795 3200 tota
825 3133 960 3200 Ecclesia
990 3133 1116 3200 domino
1147 3133 1359 3220 supplicantes
1389 3140 1485 3218 atque
1512 3149 1583 3199 ser·

351 3241 481 3318 vientes
505 3239 650 3325 regulum
673 3248 729 3306 aut
752 3239 924 3325 principem
949 3257 1048 3307 rrnmn
1074 3258 1213 3327 eumque
1244 3239 1410 3326 profanum
1433 3246 1465 3306 et
1488 3255 1584 3305 secu-

352 3348 449 3414 larem
472 3345 603 3414 aedilicii
630 3347 739 3432 spatio,
764 3345 929 3413 altitudine
956 3354 987 3413 et
1010 3354 1123 3413 ornatu
1155 3347 1305 3414 vincant?
1327 3347 1414 3432 Quae
1445 3345 1496 3412 hic
1520 3345 1584 3411 ini-

351 3453 465 3540 qnitas,
488 3471 525 3520 ac
548 3472 609 3521 non
638 3453 743 3538 potius
766 3471 887 3520 summa
913 3453 1041 3532 institia,
1066 3453 1249 3538 praesertim
1274 3453 1306 3520 in
1329 3471 1394 3538 quo
1416 3451 1532 3520 Christi
1552 3459 1585 3519 et

351 3560 568 3646 Apostolorum
601 3559 747 3645 exemplo
781 3576 842 3624 non
880 3565 1031 3626 careant?
1054 3559 1160 3626 Nonne
1194 3558 1340 3626 Christus
1373 3558 1405 3625 in
1433 3565 1585 3626 extrema

351 3684 457 3746 coena,
474 3676 612 3734 veterem
637 3667 735 3752 legem
759 3665 987 3732 terminaturus
1002 3673 1033 3732 et
1049 3665 1256 3733 inchoaturus
1270 3683 1395 3744 novam,
1410 3664 1450 3732 ad
1466 3664 1586 3730 iacien-

351 3774 426 3841 dnm
451 3793 551 3842 novae
583 3774 743 3860 religionis
778 3773 1014 3840 tundamentum
1050 3782 1082 3839 et
1104 3773 1198 3839 altam
1222 3779 1254 3839 et
1283 3771 1418 3858 amplam
1450 3771 1585 3838 domum

182 3891 236 3936 flu·
251 3890 285 3944 ¹⁸·
300 3890 333 3935 ¹⁵·
352 3882 409 3949 sibi
435 3881 572 3968 delegit?
586 3882 669 3968 lpse,
690 3881 846 3966 inquiens,
859 3879 1098 3946 demonstrabit
1113 3879 1204 3946 vodis
1219 3877 1434 3946 cumaculam
1448 3879 1586 3964 promte

182 3943 509 4066 1”””””’ει-ναιιιηι,
534 3985 601 4053 illic
620 3995 743 4074 purete
765 3985 868 4052 noles
894 3986 1000 4053 Nonne
1024 3987 1130 4066 llario,
1155 3994 1255 4053 mater
1286 3985 1365 4064 lesu,
1389 3991 1421 4052 et
1444 3984 1583 4070 Apostoll

424 4255 433 4286 ¹
454 4255 554 4312 Porod.
574 4257 639 4322 (Ροί,
660 4253 745 4324 illim
764 4255 813 4322 Qui
834 4269 921 4308 sacras
939 4254 1025 4308 literas
1043 4251 1085 4308 cel
1102 4267 1120 4308 o
1140 4251 1232 4308 limine
1250 4251 1334 4322 (quod
1346 4251 1400 4305 dici
1412 4250 1488 4320 solet)
1508 4251 1586 4307 solu·

353 4349 457 4412 terunt,
476 4347 539 4400 satis
557 4347 720 4412 exploratum
741 4343 864 4398 nabent...

424 4432 492 4489 ’Ct
513 4435 564 4488 232
584 4449 609 4488 n.
630 4436 655 4486 l.
