3364 5092
353 219 415 283 126
669 234 864 284 centunculo
888 234 1118 284 burnunculsul
1142 235 1260 282 nnulcl.

351 360 573 446 subsequente,
589 378 652 446 qua
672 360 885 426 confortemur
908 359 1170 444 adiuvemurque,
1187 365 1224 426 ut
1246 358 1352 426 eadem
1377 357 1590 444 perficiamus
1659 387 1660 428 ι

350 474 382 533 et
405 466 436 533 ln
461 465 506 533 cis
521 484 769 552 perseveremus.
787 468 903 533 Verum
920 465 979 532 boc
996 467 1068 552 quis
1092 465 1140 533 rel
1164 465 1361 534 mediocriter
1377 465 1587 533 eruditorum

350 579 405 640 aut
430 573 527 640 nescit
549 581 606 639 aut
636 580 738 658 negat,
770 572 895 658 quando
927 572 1052 659 publica
1083 571 1218 658 quadam
1243 573 1383 639 oratione
1409 571 1589 658 quotannis

351 679 393 746 ita
410 688 557 764 precatur
583 679 734 746 Ecclesia:
764 705 780 737 ι(
796 679 863 745 Tua
878 696 945 758 nos,
960 696 1156 765 quaesumus
1174 677 1314 758 Domine,
1330 679 1431 764 gratia
1454 695 1588 763 semper

351 786 532 870 praeveniat
554 794 586 853 et
609 793 772 872 sequatur,
796 803 832 852 ac
855 785 945 854 bonis
967 784 1118 871 operibus
1141 784 1256 870 iugiter
1280 792 1417 870 praestet
1439 801 1510 851 esse
1533 784 1588 849 iu-

266 923 267 928 *
351 895 529 960 tentos1».
555 895 590 961 lt
614 894 644 960 in
676 911 741 978 quo
773 892 871 959 libero
894 892 1026 959 arbitrio
1058 892 1135 959 baec
1158 891 1319 978 derogant,
1343 891 1436 959 euius
1466 899 1526 968 est,
1551 899 1587 957 et

351 997 546 1084 inspirationi
571 1000 690 1085 gratiae
706 998 936 1085 praevenientis
952 999 1153 1084 acquiescere
1168 1006 1200 1065 et
1214 999 1333 1085 gratiae
1357 997 1587 1083 subsequentis

351 1106 477 1173 motioni
502 1106 694 1174 collaborare
718 1125 775 1174 seu
798 1105 984 1192 cooperari?
1008 1105 1091 1172 Deus
1107 1105 1189 1172 enim
1206 1105 1297 1171 iuxta
1319 1111 1411 1171 retus
1433 1103 1586 1190 adagium

352 1211 529 1280 laborantes
552 1213 697 1292 adiurat;
722 1214 781 1280 boe
812 1221 930 1292 autem,
954 1213 1039 1298 quod
1062 1212 1207 1290 dicimus,
1231 1229 1268 1278 ea
1298 1229 1380 1298 quae
1403 1220 1585 1296 utrumque

352 1322 454 1388 locum
479 1319 649 1387 adductum
673 1321 897 1400 circumstant,
921 1321 945 1386 si
970 1318 1047 1386 nibil
1071 1318 1167 1398 aliud,
1199 1319 1274 1386 satis
1304 1317 1465 1386 declarare
1495 1325 1586 1402 pote

206 1444 228 1488 α.
243 1443 328 1489 ω.
352 1436 437 1495 runt.
462 1428 537 1495 Nam
563 1427 593 1494 in
617 1427 797 1507 Corinthiis,
814 1434 1016 1513 posteaquam
1040 1426 1193 1494 adversus
1220 1425 1497 1512 pseudoapostolos
1523 1425 1586 1490 mi-

351 1534 516 1602 nisterium
541 1535 733 1619 apostolatus
756 1535 804 1602 sui
822 1533 1103 1613 commendaverat,
1120 1533 1217 1600 rerba
1240 1531 1332 1600 modo
1354 1531 1491 1599 adducta
1506 1529 1585 1597 sub

351 1641 468 1719 intulit,
491 1641 608 1727 quibus
631 1659 728 1708 ranae
752 1641 868 1727 gloriae
891 1640 1035 1707 vitandae
1068 1640 1169 1726 gratia
1199 1639 1340 1706 omnium
1372 1657 1390 1705 a
1419 1655 1452 1706 se
1484 1637 1585 1704 lacto

352 1767 425 1815 rum
448 1749 548 1814 Deum
572 1748 700 1834 quidem
723 1748 797 1816 lacit
819 1755 992 1828 auctorem,
1015 1747 1190 1834 principem
1207 1755 1238 1813 et
1261 1763 1400 1825 causam
1424 1751 1456 1812 at
1473 1763 1507 1812 se
1523 1743 1585 1810 rni-

184 1869 335 1926 (Μυκη.)
352 1856 487 1922 nistrum
512 1863 543 1922 et
567 1861 812 1940 cooperatorem,
836 1855 1032 1922 continenter
1056 1854 1189 1921 addens:
1217 1853 1283 1937 Qui
1303 1861 1332 1919 et
1358 1851 1493 1918 idoneos
1521 1869 1586 1916 etos

192 1977 284 2076 ”fflii'
299 1977 332 2022 ιτ.
351 1959 429 2048 feeit
460 1961 631 2028 ministros
660 1961 740 2028 noui
769 1962 952 2028 testamenti
981 1971 1039 2028 etc.
1074 1962 1104 2027 ln
1130 1960 1381 2046 Philippensibus
1410 1967 1517 2026 autem
1550 1968 1585 2026 et

274 2061 280 2077 '
352 2068 496 2154 protinus
519 2076 590 2135 ante
614 2068 711 2136 rerba
734 2067 794 2134 iam
819 2068 911 2135 citata
943 2068 1164 2154 praemiserat:
1190 2067 1274 2135 Cum
1304 2067 1421 2133 timore
1451 2084 1494 2132 oe
1518 2075 1584 2132 tre-

352 2193 442 2240 more
458 2184 603 2240 vestrum
620 2173 771 2260 ipserum
787 2174 927 2241 sulutem
944 2174 1142 2260 operemini:
1166 2182 1197 2242 et
1213 2174 1362 2241 continuo
1385 2179 1455 2258 post
1470 2172 1583 2240 eadem

351 2279 514 2346 adiunxit:
542 2280 664 2348 Omnia
686 2279 789 2367 focile
810 2281 882 2347 sine
905 2279 1234 2347 murmurationibus
1261 2299 1303 2347 uc
1333 2279 1584 2366 disceptationi-

353 2384 414 2450 bus
437 2393 496 2452 ete.
521 2387 688 2467 Videtisne,
712 2406 776 2474 quo
799 2394 889 2472 pacto
913 2387 1004 2454 iuxta
1027 2386 1201 2454 doctrinam
1217 2386 1421 2472 apostolicam
1438 2384 1584 2472 adeoque

352 2492 525 2559 secuudum
550 2512 659 2561 omnes
682 2493 804 2560 divinas
826 2494 934 2560 literas
957 2481 1070 2560 eadem
1088 2512 1173 2560 nuuc
1197 2493 1291 2572 Deus,
1315 2509 1400 2559 nunc
1417 2493 1512 2558 bomo
1536 2493 1584 2559 la-

353 2617 424 2667 cere
448 2599 574 2680 dicitur,
599 2600 761 2668 manilesto
785 2601 935 2668 nimirum
958 2607 1155 2686 argumento,
1176 2601 1310 2668 liberum
1335 2600 1472 2666 hominis
1495 2599 1585 2666 arbi-

354 2707 451 2774 trium
476 2707 505 2774 in
530 2707 620 2775 bouis
643 2708 792 2793 operibus
816 2708 868 2775 Dei
893 2708 1012 2793 gratiae
1036 2727 1092 2776 ceu
1118 2707 1281 2794 principali
1305 2724 1418 2774 causae
1441 2707 1583 2774 secundo

355 2814 421 2880 loco
444 2833 481 2881 ac
503 2814 749 2882 ministerialiter
772 2815 943 2900 cooperari.
969 2815 1110 2901 Denique
1133 2833 1265 2900 prorsus
1295 2813 1435 2882 eiusdem
1460 2814 1583 2880 tarinae

198 2936 272 2992 tto-⁶.
288 2935 331 2992 u.)
354 2927 411 3000 est,
435 2920 519 3006 quod
543 2939 585 2988 ex
617 2922 738 2988 loannis
768 2939 836 3007 cap.
868 2923 897 2988 6.
930 2922 1092 3008 sequitur:
1117 2922 1194 2988 Nam
1224 2920 1281 2990 etsi
1306 2939 1400 2986 uento
1422 2919 1509 2987 venit
1534 2921 1583 2987 ud

353 3027 525 3106 Christum,
548 3029 617 3095 nisi
635 3037 733 3114 puter
756 3027 898 3095 eoelestis
927 3027 1069 3094 tr'uuerit
1092 3027 1186 3094 illum
1211 3046 1267 3113 per
1291 3027 1424 3113 gratiam
1446 3045 1583 3112 operan-

354 3141 416 3200 tem
440 3141 472 3200 et
495 3142 725 3220 cooperantem,
743 3135 995 3220 praevenientem
1018 3142 1050 3201 et
1065 3134 1320 3220 subsequentem,
1338 3140 1440 3200 tamem
1457 3133 1584 3219 acquie-

353 3257 440 3308 scere
466 3240 610 3309 tractui*
635 3242 733 3326 cneus
756 3242 838 3308 enim
863 3241 1019 3309 neminem
1044 3242 1142 3308 trabit
1172 3241 1341 3320 nolentem)
1365 3249 1397 3308 et
1427 3260 1490 3307 non
1524 3241 1583 3308 ob·

352 3347 470 3414 durare
493 3348 588 3414 corda
612 3357 729 3428 nostra,
753 3349 777 3415 sl
803 3367 909 3416 rocem
934 3349 1002 3416 eius
1025 3348 1230 3428 audierimus,
1258 3356 1289 3415 et
1312 3348 1416 3415 statim
1441 3347 1582 3434 pulsanti

352 3454 467 3521 ostium
493 3455 627 3540 aperire,
653 3455 711 3522 boc
727 3463 775 3522 est
799 3455 885 3522 liberi
903 3455 1025 3522 arbitrii
1042 3461 1074 3522 et
1090 3456 1246 3522 lurmauae
1264 3455 1443 3534 voluntatis,
1468 3472 1582 3540 quem·

353 3560 519 3628 admodum
544 3562 604 3628 iam
629 3581 721 3647 saepis
747 3563 960 3647 repetivimus.
1072 3617 1074 3624 ,

442 3665 511 3752 (91)
535 3669 682 3736 Ceterum
705 3669 880 3748 audiamus,
904 3669 988 3754 quod
1012 3687 1051 3735 ex
1079 3669 1127 3736 llis
1142 3669 1289 3736 omnibus
1312 3675 1422 3735 contra
1442 3668 1581 3736 liberum

185 3791 334 3848 (apuam.)
353 3773 520 3841 arbitrium
546 3775 761 3842 concluditur:
792 3801 807 3834 α
825 3775 875 3842 Est
891 3773 923 3808 ⁴¹*
949 3776 1030 3842 [leus
1054 3777 1160 3861 igitur,
1177 3775 1230 3862 qui
1248 3775 1362 3842 onznia
1386 3775 1416 3842 in
1433 3775 1583 3842 omnibus

353 3889 514 3965 operetur
535 3881 717 3946 seeundum
730 3882 875 3948 ¹divinoe
897 3901 980 3948 sune
1002 3882 1182 3948 uoluntatis
1206 3883 1414 3949 eonsilium»
1445 3881 1522 3968 pr.
1551 3885 1580 3948 l.

353 3985 379 4050 Ο
403 3987 633 4054 conclusionem
658 3988 791 4073 egreglis
814 3989 931 4055 scilicet
954 3989 1127 4073 theologis
1141 3988 1284 4074 dignam:
1309 3989 1394 4056 Deus
1416 3999 1580 4073 operetur

354 4093 467 4159 cuelcio.
491 4093 521 4160 in
544 4094 708 4174 onmibus;
733 4093 828 4179 igitur
846 4095 939 4161 bomo
963 4093 1040 4159 nillil
1063 4103 1214 4179 operatur
1231 4094 1329 4162 llbero
1353 4113 1411 4162 suo
1434 4094 1579 4162 arbitrio.

416 4226 426 4246 '
444 4226 569 4273 cruciatui.
913 4226 935 4246 ’⁸
953 4226 1037 4273 Estne.

425 4435 434 4466 ¹
456 4437 531 4490 Dom.
549 4437 616 4490 Xt'l.
636 4451 661 4502 p.
682 4437 858 4489 Pentecosten.
