<?xml version="1.0" encoding="UTF-8"?>
<!DOCTYPE html PUBLIC "-//W3C//DTD XHTML 1.0 Transitional//EN"
    "http://www.w3.org/TR/xhtml1/DTD/xhtml1-transitional.dtd">
<html xmlns="http://www.w3.org/1999/xhtml" xml:lang="en" lang="en">
 <head>
  <title>
</title>
<meta http-equiv="Content-Type" content="text/html;charset=utf-8" />
  <meta name='ocr-system' content='tesseract 3.04.00' />
  <meta name='ocr-capabilities' content='ocr_page ocr_carea ocr_par ocr_line ocrx_word'/>
</head>
<body>
  <div class='ocr_page' id='page_1' title='image "./confutatioluthe01schmgoog_0168.png"; bbox 0 0 3390 5096; ppageno 0'>
   <div class='ocr_carea' id='block_1_1' title="bbox 369 301 1274 370">
    <p class='ocr_par' dir='ltr' id='par_1_1' title="bbox 369 301 1274 370">
     <span class='ocr_line' id='line_1_1' title="bbox 369 301 1274 370; baseline 0 -4"><span class='ocrx_word' id='word_1_1' title='bbox 369 301 432 368; x_wconf 79' lang='lat' dir='ltr'>lbd</span> <span class='ocrx_word' id='word_1_2' title='bbox 684 317 880 370; x_wconf 79' lang='lat' dir='ltr'>conrurnrto</span> <span class='ocrx_word' id='word_1_3' title='bbox 902 318 1135 368; x_wconf 80' lang='lat' dir='ltr'>turnrnnrusut</span> <span class='ocrx_word' id='word_1_4' title='bbox 1157 319 1274 368; x_wconf 82' lang='lat' dir='ltr'>nuuror.</span> 
     </span>
    </p>
   </div>
   <div class='ocr_carea' id='block_1_2' title="bbox 197 441 1692 4344">
    <p class='ocr_par' dir='ltr' id='par_1_2' title="bbox 197 441 1692 4344">
     <span class='ocr_line' id='line_1_2' title="bbox 366 441 1692 530; baseline 0 -20"><span class='ocrx_word' id='word_1_5' title='bbox 366 442 498 510; x_wconf 86' lang='lat' dir='ltr'>busdam</span> <span class='ocrx_word' id='word_1_6' title='bbox 521 449 552 510; x_wconf 89' lang='lat' dir='ltr'>et</span> <span class='ocrx_word' id='word_1_7' title='bbox 575 441 747 510; x_wconf 86' lang='lat' dir='ltr'>levioribus</span> <span class='ocrx_word' id='word_1_8' title='bbox 769 441 880 528; x_wconf 92' lang='lat' dir='ltr'>culpis,</span> <span class='ocrx_word' id='word_1_9' title='bbox 904 443 971 510; x_wconf 91' lang='lat' dir='ltr'>sine</span> <span class='ocrx_word' id='word_1_10' title='bbox 994 441 1111 528; x_wconf 86' lang='lat' dir='ltr'>quibus</span> <span class='ocrx_word' id='word_1_11' title='bbox 1133 460 1282 528; x_wconf 80' lang='lat' dir='ltr'><strong>praesens</strong></span> <span class='ocrx_word' id='word_1_12' title='bbox 1306 443 1369 510; x_wconf 84' lang='lat' dir='ltr'>rita</span> <span class='ocrx_word' id='word_1_13' title='bbox 1391 462 1455 510; x_wconf 94' lang='lat' dir='ltr'>non</span> <span class='ocrx_word' id='word_1_14' title='bbox 1478 445 1606 530; x_wconf 80' lang='lat' dir='ltr'>agitur,</span> <span class='ocrx_word' id='word_1_15' title='bbox 1691 483 1692 530; x_wconf 49' lang='grc' dir='ltr'>ι</span> 
     </span>
     <span class='ocr_line' id='line_1_3' title="bbox 366 547 1605 634; baseline -0.002 -18"><span class='ocrx_word' id='word_1_16' title='bbox 366 549 425 617; x_wconf 90' lang='lat' dir='ltr'>nisi</span> <span class='ocrx_word' id='word_1_17' title='bbox 448 566 501 616; x_wconf 90' lang='lat' dir='ltr'>eas</span> <span class='ocrx_word' id='word_1_18' title='bbox 524 547 573 616; x_wconf 89' lang='lat' dir='ltr'>vel</span> <span class='ocrx_word' id='word_1_19' title='bbox 597 549 759 634; x_wconf 85' lang='lat' dir='ltr'>martyrio,</span> <span class='ocrx_word' id='word_1_20' title='bbox 784 549 832 616; x_wconf 90' lang='lat' dir='ltr'>vel</span> <span class='ocrx_word' id='word_1_21' title='bbox 855 549 916 616; x_wconf 91' lang='lat' dir='ltr'>alio</span> <span class='ocrx_word' id='word_1_22' title='bbox 938 547 1100 616; x_wconf 86' lang='lat' dir='ltr'>charitatis</span> <span class='ocrx_word' id='word_1_23' title='bbox 1114 566 1211 634; x_wconf 90' lang='lat' dir='ltr'>opere</span> <span class='ocrx_word' id='word_1_24' title='bbox 1235 549 1267 615; x_wconf 94' lang='lat' dir='ltr'>in</span> <span class='ocrx_word' id='word_1_25' title='bbox 1292 555 1394 616; x_wconf 90' lang='lat' dir='ltr'>morte</span> <span class='ocrx_word' id='word_1_26' title='bbox 1416 549 1605 618; x_wconf 72' lang='lat' dir='ltr'>deleverit?</span> 
     </span>
     <span class='ocr_line' id='line_1_4' title="bbox 367 653 1606 740; baseline -0.001 -18"><span class='ocrx_word' id='word_1_27' title='bbox 367 655 446 722; x_wconf 90' lang='lat' dir='ltr'>Num</span> <span class='ocrx_word' id='word_1_28' title='bbox 471 655 646 740; x_wconf 88' lang='lat' dir='ltr'>protinus</span> <span class='ocrx_word' id='word_1_29' title='bbox 639 673 670 721; x_wconf 83' lang='lat' dir='ltr'>tn</span> <span class='ocrx_word' id='word_1_30' title='bbox 693 655 815 722; x_wconf 89' lang='lat' dir='ltr'>coelum</span> <span class='ocrx_word' id='word_1_31' title='bbox 839 653 995 722; x_wconf 76' lang='lat' dir='ltr'>evolabit?</span> <span class='ocrx_word' id='word_1_32' title='bbox 1011 655 1047 720; x_wconf 85' lang='lat' dir='ltr'>tt</span> <span class='ocrx_word' id='word_1_33' title='bbox 1069 654 1217 722; x_wconf 91' lang='lat' dir='ltr'>nullum</span> <span class='ocrx_word' id='word_1_34' title='bbox 1209 673 1241 721; x_wconf 89' lang='grc' dir='ltr'>ιιι</span> <span class='ocrx_word' id='word_1_35' title='bbox 1257 655 1335 723; x_wconf 91' lang='lat' dir='ltr'>orbe</span> <span class='ocrx_word' id='word_1_36' title='bbox 1351 655 1470 722; x_wconf 89' lang='lat' dir='ltr'>malum</span> <span class='ocrx_word' id='word_1_37' title='bbox 1489 662 1606 722; x_wconf 90' lang='lat' dir='ltr'>manet</span> 
     </span>
     <span class='ocr_line' id='line_1_5' title="bbox 367 760 1605 846; baseline 0 -18"><span class='ocrx_word' id='word_1_38' title='bbox 367 761 576 846; x_wconf 90' lang='lat' dir='ltr'>impunitum;</span> <span class='ocrx_word' id='word_1_39' title='bbox 601 779 699 846; x_wconf 90' lang='lat' dir='ltr'>poena</span> <span class='ocrx_word' id='word_1_40' title='bbox 721 768 827 828; x_wconf 86' lang='lat' dir='ltr'>autern</span> <span class='ocrx_word' id='word_1_41' title='bbox 851 761 882 828; x_wconf 93' lang='lat' dir='ltr'>in</span> <span class='ocrx_word' id='word_1_42' title='bbox 906 761 992 828; x_wconf 90' lang='lat' dir='ltr'>coelo</span> <span class='ocrx_word' id='word_1_43' title='bbox 1015 778 1076 827; x_wconf 97' lang='lat' dir='ltr'>non</span> <span class='ocrx_word' id='word_1_44' title='bbox 1098 760 1193 828; x_wconf 88' lang='lat' dir='ltr'>babet</span> <span class='ocrx_word' id='word_1_45' title='bbox 1216 760 1329 840; x_wconf 90' lang='lat' dir='ltr'>locum,</span> <span class='ocrx_word' id='word_1_46' title='bbox 1354 761 1479 829; x_wconf 79' lang='lat' dir='ltr'>dicente</span> <span class='ocrx_word' id='word_1_47' title='bbox 1504 761 1605 829; x_wconf 86' lang='lat' dir='ltr'>beato</span> 
     </span>
     <span class='ocr_line' id='line_1_6' title="bbox 197 865 1606 954; baseline -0.002 -17"><span class='ocrx_word' id='word_1_48' title='bbox 197 879 347 937; x_wconf 62' lang='lat' dir='ltr'>annm</span> <span class='ocrx_word' id='word_1_49' title='bbox 368 866 480 934; x_wconf 86' lang='lat' dir='ltr'>Ioanne</span> <span class='ocrx_word' id='word_1_50' title='bbox 502 866 541 934; x_wconf 94' lang='lat' dir='ltr'>de</span> <span class='ocrx_word' id='word_1_51' title='bbox 564 867 686 935; x_wconf 89' lang='lat' dir='ltr'>civibus</span> <span class='ocrx_word' id='word_1_52' title='bbox 720 883 875 952; x_wconf 85' lang='lat' dir='ltr'>supernae</span> <span class='ocrx_word' id='word_1_53' title='bbox 911 867 1121 934; x_wconf 81' lang='lat' dir='ltr'>Hierusalem:</span> <span class='ocrx_word' id='word_1_54' title='bbox 1146 865 1316 954; x_wconf 76' lang='lat' dir='ltr'>Absterpet</span> <span class='ocrx_word' id='word_1_55' title='bbox 1354 869 1441 934; x_wconf 83' lang='lat' dir='ltr'>Deos</span> <span class='ocrx_word' id='word_1_56' title='bbox 1464 886 1606 934; x_wconf 79' lang='lat' dir='ltr'>omnem</span> 
     </span>
     <span class='ocr_line' id='line_1_7' title="bbox 368 971 1606 1061; baseline -0.002 -21"><span class='ocrx_word' id='word_1_57' title='bbox 368 973 556 1061; x_wconf 73' lang='lat' dir='ltr'>tocrpmom</span> <span class='ocrx_word' id='word_1_58' title='bbox 580 971 622 1038; x_wconf 83' lang='lat' dir='ltr'>ob</span> <span class='ocrx_word' id='word_1_59' title='bbox 645 971 900 1053; x_wconf 78' lang='lat' dir='ltr'>coeliacorum,</span> <span class='ocrx_word' id='word_1_60' title='bbox 923 980 1068 1039; x_wconf 82' lang='lat' dir='ltr'>etmore</span> <span class='ocrx_word' id='word_1_61' title='bbox 1098 971 1191 1039; x_wconf 84' lang='lat' dir='ltr'>ultro</span> <span class='ocrx_word' id='word_1_62' title='bbox 1221 992 1288 1040; x_wconf 81' lang='lat' dir='ltr'>uon</span> <span class='ocrx_word' id='word_1_63' title='bbox 1319 973 1523 1061; x_wconf 69' lang='lat' dir='ltr'>celtaeque</span> <span class='ocrx_word' id='word_1_64' title='bbox 1549 973 1606 1038; x_wconf 83' lang='lat' dir='ltr'>lu·</span> 
     </span>
     <span class='ocr_line' id='line_1_8' title="bbox 367 1077 1603 1168; baseline -0.002 -22"><span class='ocrx_word' id='word_1_65' title='bbox 367 1085 441 1146; x_wconf 83' lang='lat' dir='ltr'>ctos</span> <span class='ocrx_word' id='word_1_66' title='bbox 464 1098 566 1167; x_wconf 85' lang='lat' dir='ltr'>neque</span> <span class='ocrx_word' id='word_1_67' title='bbox 587 1079 726 1159; x_wconf 72' lang='lat' dir='ltr'>emmor,</span> <span class='ocrx_word' id='word_1_68' title='bbox 750 1098 852 1168; x_wconf 84' lang='lat' dir='ltr'>neque</span> <span class='ocrx_word' id='word_1_69' title='bbox 874 1077 968 1145; x_wconf 86' lang='lat' dir='ltr'>dolor</span> <span class='ocrx_word' id='word_1_70' title='bbox 991 1079 1054 1145; x_wconf 86' lang='lat' dir='ltr'>erit</span> <span class='ocrx_word' id='word_1_71' title='bbox 1070 1078 1171 1145; x_wconf 83' lang='lat' dir='ltr'>ultro.</span> <span class='ocrx_word' id='word_1_72' title='bbox 1188 1078 1271 1146; x_wconf 93' lang='lat' dir='ltr'>Nibil</span> <span class='ocrx_word' id='word_1_73' title='bbox 1287 1096 1414 1165; x_wconf 86' lang='lat' dir='ltr'>quoquc</span> <span class='ocrx_word' id='word_1_74' title='bbox 1430 1078 1603 1146; x_wconf 88' lang='lat' dir='ltr'>sordidum</span> 
     </span>
     <span class='ocr_line' id='line_1_9' title="bbox 367 1183 1604 1271; baseline 0 -20"><span class='ocrx_word' id='word_1_75' title='bbox 367 1184 498 1252; x_wconf 93' lang='lat' dir='ltr'>introire</span> <span class='ocrx_word' id='word_1_76' title='bbox 523 1185 653 1270; x_wconf 89' lang='lat' dir='ltr'>potest</span> <span class='ocrx_word' id='word_1_77' title='bbox 646 1203 676 1251; x_wconf 86' lang='grc' dir='ltr'>ιιι</span> <span class='ocrx_word' id='word_1_78' title='bbox 702 1203 834 1271; x_wconf 82' lang='lat' dir='ltr'>regnum</span> <span class='ocrx_word' id='word_1_79' title='bbox 858 1185 1030 1263; x_wconf 90' lang='lat' dir='ltr'>coelorum,</span> <span class='ocrx_word' id='word_1_80' title='bbox 1053 1183 1175 1252; x_wconf 87' lang='lat' dir='ltr'>dicente</span> <span class='ocrx_word' id='word_1_81' title='bbox 1191 1183 1261 1252; x_wconf 93' lang='lat' dir='ltr'>libri</span> <span class='ocrx_word' id='word_1_82' title='bbox 1279 1184 1449 1270; x_wconf 78' lang='lat' dir='ltr'>sapientiae</span> <span class='ocrx_word' id='word_1_83' title='bbox 1464 1192 1604 1252; x_wconf 90' lang='lat' dir='ltr'>auctore</span> 
     </span>
     <span class='ocr_line' id='line_1_10' title="bbox 209 1287 1604 1379; baseline -0.003 -19"><span class='ocrx_word' id='word_1_84' title='bbox 209 1303 260 1360; x_wconf 72' lang='lat' dir='ltr'>sun</span> <span class='ocrx_word' id='word_1_85' title='bbox 275 1304 295 1356; x_wconf 89' lang='grc'>7.</span> <span class='ocrx_word' id='word_1_86' title='bbox 309 1303 344 1348; x_wconf 77' lang='grc'>77</span> <span class='ocrx_word' id='word_1_87' title='bbox 367 1290 406 1358; x_wconf 92' lang='lat' dir='ltr'>de</span> <span class='ocrx_word' id='word_1_88' title='bbox 430 1291 616 1376; x_wconf 90' lang='lat' dir='ltr'>participatu</span> <span class='ocrx_word' id='word_1_89' title='bbox 639 1297 784 1358; x_wconf 88' lang='lat' dir='ltr'>aeternae</span> <span class='ocrx_word' id='word_1_90' title='bbox 807 1291 993 1378; x_wconf 87' lang='lat' dir='ltr'>sapientiae:</span> <span class='ocrx_word' id='word_1_91' title='bbox 1017 1287 1110 1358; x_wconf 74' lang='lat' dir='ltr'>Nihil</span> <span class='ocrx_word' id='word_1_92' title='bbox 1131 1290 1346 1379; x_wconf 79' lang='lat' dir='ltr'>inquinatum</span> <span class='ocrx_word' id='word_1_93' title='bbox 1381 1291 1418 1358; x_wconf 84' lang='lat' dir='ltr'>io</span> <span class='ocrx_word' id='word_1_94' title='bbox 1444 1311 1522 1359; x_wconf 85' lang='lat' dir='ltr'>eom</span> <span class='ocrx_word' id='word_1_95' title='bbox 1547 1291 1604 1357; x_wconf 77' lang='lat' dir='ltr'>in·</span> 
     </span>
     <span class='ocr_line' id='line_1_11' title="bbox 368 1397 1602 1486; baseline -0.002 -22"><span class='ocrx_word' id='word_1_96' title='bbox 368 1397 497 1475; x_wconf 84' lang='lat' dir='ltr'>corrit;</span> <span class='ocrx_word' id='word_1_97' title='bbox 520 1405 551 1465; x_wconf 93' lang='lat' dir='ltr'>et</span> <span class='ocrx_word' id='word_1_98' title='bbox 584 1397 709 1464; x_wconf 91' lang='lat' dir='ltr'>Cbristo</span> <span class='ocrx_word' id='word_1_99' title='bbox 740 1397 975 1464; x_wconf 80' lang='lat' dir='ltr'>subscribente:</span> <span class='ocrx_word' id='word_1_100' title='bbox 1010 1397 1104 1464; x_wconf 80' lang='lat' dir='ltr'>Beati</span> <span class='ocrx_word' id='word_1_101' title='bbox 1134 1399 1259 1465; x_wconf 83' lang='lat' dir='ltr'>mundo</span> <span class='ocrx_word' id='word_1_102' title='bbox 1292 1397 1403 1476; x_wconf 86' lang='lat' dir='ltr'>corde,</span> <span class='ocrx_word' id='word_1_103' title='bbox 1433 1397 1602 1486; x_wconf 74' lang='lat' dir='ltr'>quoourm</span> 
     </span>
     <span class='ocr_line' id='line_1_12' title="bbox 198 1502 1602 1590; baseline -0.001 -20"><span class='ocrx_word' id='word_1_104' title='bbox 198 1515 274 1561; x_wconf 67' lang='lat' dir='ltr'>mett</span> <span class='ocrx_word' id='word_1_105' title='bbox 288 1515 341 1570; x_wconf 67' lang='lat' dir='ltr'>a&amp;</span> <span class='ocrx_word' id='word_1_106' title='bbox 368 1502 435 1590; x_wconf 78' lang='lat' dir='ltr'>ipsi</span> <span class='ocrx_word' id='word_1_107' title='bbox 459 1503 562 1570; x_wconf 74' lang='grc' dir='ltr'>θειιιι</span> <span class='ocrx_word' id='word_1_108' title='bbox 586 1502 748 1570; x_wconf 86' lang='lat' dir='ltr'>videbunt.</span> <span class='ocrx_word' id='word_1_109' title='bbox 767 1503 845 1571; x_wconf 90' lang='lat' dir='ltr'>Num</span> <span class='ocrx_word' id='word_1_110' title='bbox 862 1521 937 1588; x_wconf 82' lang='lat' dir='ltr'>ergo</span> <span class='ocrx_word' id='word_1_111' title='bbox 961 1503 1105 1588; x_wconf 88' lang='lat' dir='ltr'>protinus</span> <span class='ocrx_word' id='word_1_112' title='bbox 1121 1503 1152 1570; x_wconf 93' lang='lat' dir='ltr'>in</span> <span class='ocrx_word' id='word_1_113' title='bbox 1170 1510 1324 1572; x_wconf 86' lang='lat' dir='ltr'>tartarum</span> <span class='ocrx_word' id='word_1_114' title='bbox 1340 1503 1602 1589; x_wconf 90' lang='lat' dir='ltr'>praecipitabun-</span> 
     </span>
     <span class='ocr_line' id='line_1_13' title="bbox 369 1608 1604 1696; baseline -0.001 -21"><span class='ocrx_word' id='word_1_115' title='bbox 369 1614 446 1676; x_wconf 85' lang='lat' dir='ltr'>turt</span> <span class='ocrx_word' id='word_1_116' title='bbox 469 1611 505 1676; x_wconf 85' lang='lat' dir='ltr'>tt</span> <span class='ocrx_word' id='word_1_117' title='bbox 528 1609 601 1677; x_wconf 90' lang='lat' dir='ltr'>iusti</span> <span class='ocrx_word' id='word_1_118' title='bbox 626 1617 710 1688; x_wconf 91' lang='lat' dir='ltr'>sunt,</span> <span class='ocrx_word' id='word_1_119' title='bbox 733 1610 823 1676; x_wconf 91' lang='lat' dir='ltr'>amici</span> <span class='ocrx_word' id='word_1_120' title='bbox 848 1615 879 1676; x_wconf 93' lang='lat' dir='ltr'>et</span> <span class='ocrx_word' id='word_1_121' title='bbox 902 1608 956 1676; x_wconf 88' lang='lat' dir='ltr'>filii</span> <span class='ocrx_word' id='word_1_122' title='bbox 983 1609 1036 1676; x_wconf 80' lang='lat' dir='ltr'>liei</span> <span class='ocrx_word' id='word_1_123' title='bbox 1061 1615 1145 1688; x_wconf 90' lang='lat' dir='ltr'>sunt,</span> <span class='ocrx_word' id='word_1_124' title='bbox 1169 1609 1320 1677; x_wconf 89' lang='lat' dir='ltr'>haeredes</span> <span class='ocrx_word' id='word_1_125' title='bbox 1354 1610 1441 1696; x_wconf 80' lang='lat' dir='ltr'>regni</span> <span class='ocrx_word' id='word_1_126' title='bbox 1466 1614 1604 1676; x_wconf 90' lang='lat' dir='ltr'>suntet</span> 
     </span>
     <span class='ocr_line' id='line_1_14' title="bbox 369 1713 1603 1802; baseline -0.002 -20"><span class='ocrx_word' id='word_1_127' title='bbox 369 1721 488 1783; x_wconf 84' lang='lat' dir='ltr'>uestem</span> <span class='ocrx_word' id='word_1_128' title='bbox 512 1715 683 1802; x_wconf 87' lang='lat' dir='ltr'>nuptialem</span> <span class='ocrx_word' id='word_1_129' title='bbox 707 1716 870 1784; x_wconf 87' lang='lat' dir='ltr'>charitatis</span> <span class='ocrx_word' id='word_1_130' title='bbox 893 1715 1017 1782; x_wconf 90' lang='lat' dir='ltr'>babent</span> <span class='ocrx_word' id='word_1_131' title='bbox 1042 1713 1173 1800; x_wconf 90' lang='lat' dir='ltr'>Oportet</span> <span class='ocrx_word' id='word_1_132' title='bbox 1197 1715 1324 1802; x_wconf 80' lang='lat' dir='ltr'>igitur</span> <span class='ocrx_word' id='word_1_133' title='bbox 1316 1734 1348 1782; x_wconf 86' lang='lat' dir='ltr'>rn</span> <span class='ocrx_word' id='word_1_134' title='bbox 1368 1715 1446 1782; x_wconf 90' lang='lat' dir='ltr'>orbe</span> <span class='ocrx_word' id='word_1_135' title='bbox 1469 1722 1603 1802; x_wconf 88' lang='lat' dir='ltr'>praeter</span> 
     </span>
     <span class='ocr_line' id='line_1_15' title="bbox 369 1820 1602 1907; baseline -0.001 -19"><span class='ocrx_word' id='word_1_136' title='bbox 369 1821 490 1888; x_wconf 91' lang='lat' dir='ltr'>coelum</span> <span class='ocrx_word' id='word_1_137' title='bbox 516 1829 548 1889; x_wconf 91' lang='lat' dir='ltr'>et</span> <span class='ocrx_word' id='word_1_138' title='bbox 572 1829 725 1890; x_wconf 84' lang='lat' dir='ltr'>tartarum</span> <span class='ocrx_word' id='word_1_139' title='bbox 750 1840 819 1889; x_wconf 88' lang='lat' dir='ltr'>esse</span> <span class='ocrx_word' id='word_1_140' title='bbox 841 1839 1000 1888; x_wconf 88' lang='lat' dir='ltr'>carcerem</span> <span class='ocrx_word' id='word_1_141' title='bbox 1013 1820 1180 1907; x_wconf 83' lang='lat' dir='ltr'>quendam</span> <span class='ocrx_word' id='word_1_142' title='bbox 1196 1822 1376 1889; x_wconf 87' lang='lat' dir='ltr'>animarum</span> <span class='ocrx_word' id='word_1_143' title='bbox 1395 1821 1602 1888; x_wconf 79' lang='lat' dir='ltr'>mediocriter</span> 
     </span>
     <span class='ocr_line' id='line_1_16' title="bbox 369 1926 1603 2014; baseline -0.001 -21"><span class='ocrx_word' id='word_1_144' title='bbox 369 1926 534 1993; x_wconf 86' lang='lat' dir='ltr'>bonarum</span> <span class='ocrx_word' id='word_1_145' title='bbox 548 1927 724 2014; x_wconf 77' lang='lat' dir='ltr'>purgationi</span> <span class='ocrx_word' id='word_1_146' title='bbox 760 1928 1053 2014; x_wconf 79' lang='lat' dir='ltr'>destinatumque</span> <span class='ocrx_word' id='word_1_147' title='bbox 1083 1927 1216 1995; x_wconf 82' lang='lat' dir='ltr'>leviores</span> <span class='ocrx_word' id='word_1_148' title='bbox 1250 1929 1362 2014; x_wconf 89' lang='lat' dir='ltr'>eulpae</span> <span class='ocrx_word' id='word_1_149' title='bbox 1396 1927 1603 2013; x_wconf 86' lang='lat' dir='ltr'>temporariis</span> 
     </span>
     <span class='ocr_line' id='line_1_17' title="bbox 369 2032 1604 2120; baseline 0.001 -20"><span class='ocrx_word' id='word_1_150' title='bbox 369 2032 562 2101; x_wconf 90' lang='lat' dir='ltr'>cruciatibus</span> <span class='ocrx_word' id='word_1_151' title='bbox 584 2034 743 2113; x_wconf 85' lang='lat' dir='ltr'>eluantur,</span> <span class='ocrx_word' id='word_1_152' title='bbox 767 2035 951 2120; x_wconf 86' lang='lat' dir='ltr'>priusquam</span> <span class='ocrx_word' id='word_1_153' title='bbox 976 2034 1029 2100; x_wconf 83' lang='lat' dir='ltr'>nei</span> <span class='ocrx_word' id='word_1_154' title='bbox 1054 2033 1163 2101; x_wconf 81' lang='lat' dir='ltr'>taciem</span> <span class='ocrx_word' id='word_1_155' title='bbox 1197 2033 1303 2102; x_wconf 87' lang='lat' dir='ltr'>videre</span> <span class='ocrx_word' id='word_1_156' title='bbox 1334 2040 1452 2120; x_wconf 82' lang='lat' dir='ltr'>qureant</span> <span class='ocrx_word' id='word_1_157' title='bbox 1476 2040 1509 2101; x_wconf 95' lang='lat' dir='ltr'>et</span> <span class='ocrx_word' id='word_1_158' title='bbox 1533 2050 1604 2101; x_wconf 78' lang='lat' dir='ltr'>coe</span> 
     </span>
     <span class='ocr_line' id='line_1_18' title="bbox 369 2137 1603 2225; baseline -0.002 -19"><span class='ocrx_word' id='word_1_159' title='bbox 369 2139 455 2206; x_wconf 88' lang='lat' dir='ltr'>lestis</span> <span class='ocrx_word' id='word_1_160' title='bbox 474 2139 577 2224; x_wconf 80' lang='lat' dir='ltr'>gandii</span> <span class='ocrx_word' id='word_1_161' title='bbox 596 2140 762 2225; x_wconf 90' lang='lat' dir='ltr'>participes</span> <span class='ocrx_word' id='word_1_162' title='bbox 786 2139 925 2207; x_wconf 83' lang='lat' dir='ltr'>iteri-</span> <span class='ocrx_word' id='word_1_163' title='bbox 940 2139 1005 2207; x_wconf 92' lang='lat' dir='ltr'>llnc</span> <span class='ocrx_word' id='word_1_164' title='bbox 1028 2139 1117 2219; x_wconf 88' lang='lat' dir='ltr'>addo,</span> <span class='ocrx_word' id='word_1_165' title='bbox 1141 2137 1226 2224; x_wconf 84' lang='lat' dir='ltr'>quod</span> <span class='ocrx_word' id='word_1_166' title='bbox 1249 2141 1347 2208; x_wconf 87' lang='lat' dir='ltr'>sacris</span> <span class='ocrx_word' id='word_1_167' title='bbox 1363 2139 1479 2225; x_wconf 89' lang='lat' dir='ltr'>passim</span> <span class='ocrx_word' id='word_1_168' title='bbox 1498 2139 1603 2206; x_wconf 87' lang='lat' dir='ltr'>literis</span> 
     </span>
     <span class='ocr_line' id='line_1_19' title="bbox 368 2243 1601 2331; baseline -0.001 -20"><span class='ocrx_word' id='word_1_169' title='bbox 368 2243 575 2324; x_wconf 91' lang='lat' dir='ltr'>erudimur,</span> <span class='ocrx_word' id='word_1_170' title='bbox 568 2263 599 2311; x_wconf 85' lang='lat' dir='ltr'>tn</span> <span class='ocrx_word' id='word_1_171' title='bbox 622 2244 822 2331; x_wconf 83' lang='lat' dir='ltr'>gravioribus</span> <span class='ocrx_word' id='word_1_172' title='bbox 845 2246 937 2313; x_wconf 88' lang='lat' dir='ltr'>eliam</span> <span class='ocrx_word' id='word_1_173' title='bbox 962 2245 1095 2331; x_wconf 87' lang='lat' dir='ltr'>peccatis</span> <span class='ocrx_word' id='word_1_174' title='bbox 1118 2247 1212 2331; x_wconf 85' lang='lat' dir='ltr'>(quae</span> <span class='ocrx_word' id='word_1_175' title='bbox 1228 2245 1402 2313; x_wconf 87' lang='lat' dir='ltr'>criminalia</span> <span class='ocrx_word' id='word_1_176' title='bbox 1425 2253 1456 2312; x_wconf 92' lang='lat' dir='ltr'>et</span> <span class='ocrx_word' id='word_1_177' title='bbox 1480 2251 1601 2311; x_wconf 87' lang='lat' dir='ltr'>morta-</span> 
     </span>
     <span class='ocr_line' id='line_1_20' title="bbox 369 2350 1602 2438; baseline 0.001 -21"><span class='ocrx_word' id='word_1_178' title='bbox 369 2350 410 2417; x_wconf 91' lang='lat' dir='ltr'>lia</span> <span class='ocrx_word' id='word_1_179' title='bbox 426 2350 623 2434; x_wconf 86' lang='lat' dir='ltr'>vocitamus),</span> <span class='ocrx_word' id='word_1_180' title='bbox 640 2357 710 2436; x_wconf 87' lang='lat' dir='ltr'>post</span> <span class='ocrx_word' id='word_1_181' title='bbox 726 2351 836 2436; x_wconf 90' lang='lat' dir='ltr'>cnlpae</span> <span class='ocrx_word' id='word_1_182' title='bbox 859 2351 1116 2419; x_wconf 88' lang='lat' dir='ltr'>condonationem</span> <span class='ocrx_word' id='word_1_183' title='bbox 1141 2352 1206 2420; x_wconf 87' lang='lat' dir='ltr'>sive</span> <span class='ocrx_word' id='word_1_184' title='bbox 1230 2351 1457 2438; x_wconf 85' lang='lat' dir='ltr'>remissionem,</span> <span class='ocrx_word' id='word_1_185' title='bbox 1475 2360 1602 2436; x_wconf 88' lang='lat' dir='ltr'>tempo·</span> 
     </span>
     <span class='ocr_line' id='line_1_21' title="bbox 369 2457 1599 2543; baseline 0 -19"><span class='ocrx_word' id='word_1_186' title='bbox 369 2457 470 2524; x_wconf 89' lang='lat' dir='ltr'>rariae</span> <span class='ocrx_word' id='word_1_187' title='bbox 494 2457 658 2524; x_wconf 88' lang='lat' dir='ltr'>cuiusdam</span> <span class='ocrx_word' id='word_1_188' title='bbox 683 2475 801 2543; x_wconf 85' lang='lat' dir='ltr'>poenae</span> <span class='ocrx_word' id='word_1_189' title='bbox 825 2466 948 2525; x_wconf 90' lang='lat' dir='ltr'>reatum</span> <span class='ocrx_word' id='word_1_190' title='bbox 971 2458 1036 2525; x_wconf 90' lang='lat' dir='ltr'>sive</span> <span class='ocrx_word' id='word_1_191' title='bbox 1058 2457 1200 2526; x_wconf 90' lang='lat' dir='ltr'>debitum</span> <span class='ocrx_word' id='word_1_192' title='bbox 1222 2458 1404 2538; x_wconf 89' lang='lat' dir='ltr'>obmanere,</span> <span class='ocrx_word' id='word_1_193' title='bbox 1420 2458 1518 2543; x_wconf 85' lang='lat' dir='ltr'>idque</span> <span class='ocrx_word' id='word_1_194' title='bbox 1536 2475 1599 2525; x_wconf 82' lang='lat' dir='ltr'>mo</span> 
     </span>
     <span class='ocr_line' id='line_1_22' title="bbox 368 2562 1600 2649; baseline 0.002 -21"><span class='ocrx_word' id='word_1_195' title='bbox 368 2563 456 2631; x_wconf 86' lang='lat' dir='ltr'>lestie</span> <span class='ocrx_word' id='word_1_196' title='bbox 480 2562 615 2649; x_wconf 84' lang='lat' dir='ltr'>quadarn</span> <span class='ocrx_word' id='word_1_197' title='bbox 638 2568 670 2630; x_wconf 90' lang='lat' dir='ltr'>ct</span> <span class='ocrx_word' id='word_1_198' title='bbox 691 2563 858 2630; x_wconf 89' lang='lat' dir='ltr'>allliotione</span> <span class='ocrx_word' id='word_1_199' title='bbox 881 2562 958 2630; x_wconf 85' lang='lat' dir='ltr'>solvi</span> <span class='ocrx_word' id='word_1_200' title='bbox 984 2567 1091 2648; x_wconf 83' lang='lat' dir='ltr'>(qnam</span> <span class='ocrx_word' id='word_1_201' title='bbox 1116 2581 1184 2630; x_wconf 89' lang='lat' dir='ltr'>rem</span> <span class='ocrx_word' id='word_1_202' title='bbox 1207 2563 1436 2649; x_wconf 82' lang='lat' dir='ltr'>Tbeologorum</span> <span class='ocrx_word' id='word_1_203' title='bbox 1462 2581 1600 2631; x_wconf 87' lang='lat' dir='ltr'>coronae</span> 
     </span>
     <span class='ocr_line' id='line_1_23' title="bbox 369 2668 1600 2765; baseline 0.001 -29"><span class='ocrx_word' id='word_1_204' title='bbox 369 2668 609 2765; x_wconf 79' lang='lat' dir='ltr'>satisfactionem</span> <span class='ocrx_word' id='word_1_205' title='bbox 632 2669 839 2754; x_wconf 82' lang='lat' dir='ltr'>appellitant),</span> <span class='ocrx_word' id='word_1_206' title='bbox 863 2669 908 2736; x_wconf 90' lang='lat' dir='ltr'>uti</span> <span class='ocrx_word' id='word_1_207' title='bbox 933 2687 1008 2737; x_wconf 83' lang='lat' dir='ltr'>mox</span> <span class='ocrx_word' id='word_1_208' title='bbox 1043 2669 1103 2736; x_wconf 93' lang='lat' dir='ltr'>sub</span> <span class='ocrx_word' id='word_1_209' title='bbox 1133 2669 1268 2736; x_wconf 91' lang='lat' dir='ltr'>articulo</span> <span class='ocrx_word' id='word_1_210' title='bbox 1298 2669 1465 2756; x_wconf 89' lang='lat' dir='ltr'>sequenti¹</span> <span class='ocrx_word' id='word_1_211' title='bbox 1492 2679 1600 2738; x_wconf 89' lang='lat' dir='ltr'>osten·</span> 
     </span>
     <span class='ocr_line' id='line_1_24' title="bbox 367 2774 1599 2862; baseline 0.001 -21"><span class='ocrx_word' id='word_1_212' title='bbox 367 2774 488 2842; x_wconf 90' lang='lat' dir='ltr'>demus</span> <span class='ocrx_word' id='word_1_213' title='bbox 512 2775 548 2841; x_wconf 87' lang='lat' dir='ltr'>tt</span> <span class='ocrx_word' id='word_1_214' title='bbox 571 2794 635 2861; x_wconf 84' lang='lat' dir='ltr'>qno</span> <span class='ocrx_word' id='word_1_215' title='bbox 657 2775 782 2842; x_wconf 88' lang='lat' dir='ltr'>tandem</span> <span class='ocrx_word' id='word_1_216' title='bbox 805 2775 879 2842; x_wconf 93' lang='lat' dir='ltr'>binc</span> <span class='ocrx_word' id='word_1_217' title='bbox 902 2775 953 2842; x_wconf 92' lang='lat' dir='ltr'>ille</span> <span class='ocrx_word' id='word_1_218' title='bbox 978 2775 1123 2861; x_wconf 83' lang='lat' dir='ltr'>migrarit</span> <span class='ocrx_word' id='word_1_219' title='bbox 1146 2793 1183 2843; x_wconf 92' lang='lat' dir='ltr'>eo</span> <span class='ocrx_word' id='word_1_220' title='bbox 1207 2777 1237 2842; x_wconf 95' lang='lat' dir='ltr'>in</span> <span class='ocrx_word' id='word_1_221' title='bbox 1262 2782 1357 2855; x_wconf 87' lang='lat' dir='ltr'>statu,</span> <span class='ocrx_word' id='word_1_222' title='bbox 1374 2793 1487 2862; x_wconf 89' lang='lat' dir='ltr'>nempe</span> <span class='ocrx_word' id='word_1_223' title='bbox 1510 2777 1599 2843; x_wconf 90' lang='lat' dir='ltr'>omni</span> 
     </span>
     <span class='ocr_line' id='line_1_25' title="bbox 369 2880 1600 2967; baseline 0.002 -20"><span class='ocrx_word' id='word_1_224' title='bbox 369 2881 460 2965; x_wconf 87' lang='lat' dir='ltr'>culpe</span> <span class='ocrx_word' id='word_1_225' title='bbox 485 2898 614 2960; x_wconf 88' lang='lat' dir='ltr'>vacuus,</span> <span class='ocrx_word' id='word_1_226' title='bbox 638 2881 800 2966; x_wconf 90' lang='lat' dir='ltr'>temporali</span> <span class='ocrx_word' id='word_1_227' title='bbox 825 2880 929 2948; x_wconf 89' lang='lat' dir='ltr'>adbuc</span> <span class='ocrx_word' id='word_1_228' title='bbox 952 2899 1069 2967; x_wconf 88' lang='lat' dir='ltr'>poenae</span> <span class='ocrx_word' id='word_1_229' title='bbox 1092 2881 1274 2949; x_wconf 75' lang='lat' dir='ltr'>obnoxius?</span> <span class='ocrx_word' id='word_1_230' title='bbox 1297 2882 1403 2949; x_wconf 90' lang='lat' dir='ltr'>Nurn&#39;</span> <span class='ocrx_word' id='word_1_231' title='bbox 1395 2901 1426 2949; x_wconf 87' lang='grc' dir='ltr'>ιιι</span> <span class='ocrx_word' id='word_1_232' title='bbox 1451 2883 1600 2950; x_wconf 79' lang='lat' dir='ltr'>coelum?</span> 
     </span>
     <span class='ocr_line' id='line_1_26' title="bbox 369 2985 1598 3073; baseline 0.004 -21"><span class='ocrx_word' id='word_1_233' title='bbox 369 2987 404 3053; x_wconf 83' lang='lat' dir='ltr'>tt</span> <span class='ocrx_word' id='word_1_234' title='bbox 427 2985 550 3054; x_wconf 92' lang='lat' dir='ltr'>debitor</span> <span class='ocrx_word' id='word_1_235' title='bbox 573 2992 629 3054; x_wconf 88' lang='lat' dir='ltr'>est.</span> <span class='ocrx_word' id='word_1_236' title='bbox 655 2985 709 3054; x_wconf 91' lang='lat' dir='ltr'>llla</span> <span class='ocrx_word' id='word_1_237' title='bbox 731 2995 848 3067; x_wconf 85' lang='lat' dir='ltr'>antem,</span> <span class='ocrx_word' id='word_1_238' title='bbox 873 3006 954 3073; x_wconf 83' lang='lat' dir='ltr'>qnae</span> <span class='ocrx_word' id='word_1_239' title='bbox 978 3005 1105 3059; x_wconf 88' lang='lat' dir='ltr'>sursum</span> <span class='ocrx_word' id='word_1_240' title='bbox 1140 2993 1188 3056; x_wconf 90' lang='lat' dir='ltr'>est</span> <span class='ocrx_word' id='word_1_241' title='bbox 1212 2988 1390 3067; x_wconf 87' lang='lat' dir='ltr'>ierusalem,</span> <span class='ocrx_word' id='word_1_242' title='bbox 1416 2989 1516 3056; x_wconf 86' lang='lat' dir='ltr'>libera</span> <span class='ocrx_word' id='word_1_243' title='bbox 1539 2996 1598 3057; x_wconf 86' lang='lat' dir='ltr'>est.</span> 
     </span>
     <span class='ocr_line' id='line_1_27' title="bbox 369 3091 1597 3180; baseline 0.002 -22"><span class='ocrx_word' id='word_1_244' title='bbox 369 3091 550 3159; x_wconf 88' lang='lat' dir='ltr'>lluiusmodi</span> <span class='ocrx_word' id='word_1_245' title='bbox 574 3110 702 3178; x_wconf 88' lang='lat' dir='ltr'>qnoque</span> <span class='ocrx_word' id='word_1_246' title='bbox 725 3093 840 3160; x_wconf 90' lang='lat' dir='ltr'>solutio</span> <span class='ocrx_word' id='word_1_247' title='bbox 865 3093 899 3159; x_wconf 84' lang='lat' dir='ltr'>fit</span> <span class='ocrx_word' id='word_1_248' title='bbox 924 3111 981 3179; x_wconf 91' lang='lat' dir='ltr'>per</span> <span class='ocrx_word' id='word_1_249' title='bbox 1003 3094 1190 3173; x_wconf 87' lang='lat' dir='ltr'>cruciatum,</span> <span class='ocrx_word' id='word_1_250' title='bbox 1207 3093 1261 3180; x_wconf 87' lang='lat' dir='ltr'>qui</span> <span class='ocrx_word' id='word_1_251' title='bbox 1287 3093 1361 3174; x_wconf 91' lang='lat' dir='ltr'>illic,</span> <span class='ocrx_word' id='word_1_252' title='bbox 1379 3093 1424 3160; x_wconf 94' lang='lat' dir='ltr'>nti</span> <span class='ocrx_word' id='word_1_253' title='bbox 1441 3093 1597 3174; x_wconf 81' lang='lat' dir='ltr'>diximus,</span> 
     </span>
     <span class='ocr_line' id='line_1_28' title="bbox 368 3198 1600 3287; baseline 0.003 -23"><span class='ocrx_word' id='word_1_254' title='bbox 368 3198 472 3265; x_wconf 92' lang='lat' dir='ltr'>locum</span> <span class='ocrx_word' id='word_1_255' title='bbox 497 3217 559 3265; x_wconf 95' lang='lat' dir='ltr'>non</span> <span class='ocrx_word' id='word_1_256' title='bbox 584 3199 687 3266; x_wconf 89' lang='lat' dir='ltr'>babet.</span> <span class='ocrx_word' id='word_1_257' title='bbox 713 3199 794 3267; x_wconf 89' lang='lat' dir='ltr'>Num</span> <span class='ocrx_word' id='word_1_258' title='bbox 816 3217 892 3285; x_wconf 82' lang='lat' dir='ltr'>ergo</span> <span class='ocrx_word' id='word_1_259' title='bbox 915 3200 1057 3266; x_wconf 91' lang='lat' dir='ltr'>mittetur</span> <span class='ocrx_word' id='word_1_260' title='bbox 1080 3199 1112 3266; x_wconf 90' lang='lat' dir='ltr'>in</span> <span class='ocrx_word' id='word_1_261' title='bbox 1136 3205 1316 3268; x_wconf 78' lang='lat' dir='ltr'>tartarum?</span> <span class='ocrx_word' id='word_1_262' title='bbox 1333 3201 1369 3266; x_wconf 83' lang='lat' dir='ltr'>tt</span> <span class='ocrx_word' id='word_1_263' title='bbox 1392 3200 1475 3267; x_wconf 93' lang='lat' dir='ltr'>omni</span> <span class='ocrx_word' id='word_1_264' title='bbox 1502 3201 1600 3287; x_wconf 89' lang='lat' dir='ltr'>culpa</span> 
     </span>
     <span class='ocr_line' id='line_1_29' title="bbox 369 3301 1600 3392; baseline 0.002 -22"><span class='ocrx_word' id='word_1_265' title='bbox 369 3321 482 3372; x_wconf 83' lang='lat' dir='ltr'>vacans</span> <span class='ocrx_word' id='word_1_266' title='bbox 505 3310 562 3383; x_wconf 91' lang='lat' dir='ltr'>est,</span> <span class='ocrx_word' id='word_1_267' title='bbox 586 3304 671 3372; x_wconf 88' lang='lat' dir='ltr'>lilius</span> <span class='ocrx_word' id='word_1_268' title='bbox 695 3306 793 3391; x_wconf 82' lang='lat' dir='ltr'>regni,</span> <span class='ocrx_word' id='word_1_269' title='bbox 817 3307 904 3373; x_wconf 91' lang='lat' dir='ltr'>nulla</span> <span class='ocrx_word' id='word_1_270' title='bbox 935 3324 1062 3392; x_wconf 87' lang='lat' dir='ltr'>qnoque</span> <span class='ocrx_word' id='word_1_271' title='bbox 1087 3305 1128 3372; x_wconf 92' lang='lat' dir='ltr'>ibi</span> <span class='ocrx_word' id='word_1_272' title='bbox 1153 3301 1244 3388; x_wconf 78' lang='lat'><strong>(117)</strong></span> <span class='ocrx_word' id='word_1_273' title='bbox 1269 3305 1443 3392; x_wconf 87' lang='lat' dir='ltr'>redemptio</span> <span class='ocrx_word' id='word_1_274' title='bbox 1467 3306 1513 3373; x_wconf 89' lang='lat' dir='ltr'>lit</span> <span class='ocrx_word' id='word_1_275' title='bbox 1538 3308 1600 3374; x_wconf 87' lang='lat' dir='ltr'>Su-</span> 
     </span>
     <span class='ocr_line' id='line_1_30' title="bbox 369 3411 1599 3497; baseline 0.002 -19"><span class='ocrx_word' id='word_1_276' title='bbox 369 3418 475 3497; x_wconf 89' lang='lat' dir='ltr'>perest</span> <span class='ocrx_word' id='word_1_277' title='bbox 497 3412 603 3497; x_wconf 83' lang='lat' dir='ltr'>igitur,</span> <span class='ocrx_word' id='word_1_278' title='bbox 628 3417 664 3478; x_wconf 90' lang='lat' dir='ltr'>nt</span> <span class='ocrx_word' id='word_1_279' title='bbox 686 3411 726 3479; x_wconf 90' lang='lat' dir='ltr'>sit</span> <span class='ocrx_word' id='word_1_280' title='bbox 751 3412 902 3480; x_wconf 89' lang='lat' dir='ltr'>medius</span> <span class='ocrx_word' id='word_1_281' title='bbox 895 3431 926 3478; x_wconf 82' lang='lat' dir='ltr'>in</span> <span class='ocrx_word' id='word_1_282' title='bbox 942 3412 1019 3478; x_wconf 89' lang='lat' dir='ltr'>orbe</span> <span class='ocrx_word' id='word_1_283' title='bbox 1035 3413 1122 3479; x_wconf 92' lang='lat' dir='ltr'>locus</span> <span class='ocrx_word' id='word_1_284' title='bbox 1139 3413 1220 3479; x_wconf 90' lang='lat' dir='ltr'>inter</span> <span class='ocrx_word' id='word_1_285' title='bbox 1236 3411 1359 3480; x_wconf 88' lang='lat' dir='ltr'>coelum</span> <span class='ocrx_word' id='word_1_286' title='bbox 1381 3422 1412 3480; x_wconf 91' lang='lat' dir='ltr'>et</span> <span class='ocrx_word' id='word_1_287' title='bbox 1428 3419 1599 3493; x_wconf 87' lang='lat' dir='ltr'>tartarum,</span> 
     </span>
     <span class='ocr_line' id='line_1_31' title="bbox 368 3517 1600 3604; baseline 0.002 -19"><span class='ocrx_word' id='word_1_288' title='bbox 368 3517 423 3585; x_wconf 90' lang='lat' dir='ltr'>ubi</span> <span class='ocrx_word' id='word_1_289' title='bbox 447 3517 628 3603; x_wconf 90' lang='lat' dir='ltr'>temporalis</span> <span class='ocrx_word' id='word_1_290' title='bbox 651 3535 768 3603; x_wconf 87' lang='lat' dir='ltr'>poenae</span> <span class='ocrx_word' id='word_1_291' title='bbox 790 3517 930 3585; x_wconf 90' lang='lat' dir='ltr'>debitum</span> <span class='ocrx_word' id='word_1_292' title='bbox 954 3517 1043 3584; x_wconf 94' lang='lat' dir='ltr'>bic</span> <span class='ocrx_word' id='word_1_293' title='bbox 1036 3537 1067 3584; x_wconf 87' lang='grc' dir='ltr'>ιιι</span> <span class='ocrx_word' id='word_1_294' title='bbox 1092 3517 1155 3586; x_wconf 84' lang='lat' dir='ltr'>rita</span> <span class='ocrx_word' id='word_1_295' title='bbox 1185 3536 1246 3585; x_wconf 97' lang='lat' dir='ltr'>non</span> <span class='ocrx_word' id='word_1_296' title='bbox 1278 3519 1459 3586; x_wconf 84' lang='lat' dir='ltr'>exsolutum</span> <span class='ocrx_word' id='word_1_297' title='bbox 1490 3526 1600 3604; x_wconf 84' lang='lat' dir='ltr'>postea</span> 
     </span>
     <span class='ocr_line' id='line_1_32' title="bbox 368 3623 1204 3710; baseline 0.001 -19"><span class='ocrx_word' id='word_1_298' title='bbox 368 3624 499 3710; x_wconf 91' lang='lat' dir='ltr'>dependi</span> <span class='ocrx_word' id='word_1_299' title='bbox 523 3631 628 3710; x_wconf 89' lang='lat' dir='ltr'>queat,</span> <span class='ocrx_word' id='word_1_300' title='bbox 652 3623 735 3709; x_wconf 87' lang='lat' dir='ltr'>quod</span> <span class='ocrx_word' id='word_1_301' title='bbox 760 3623 977 3708; x_wconf 83' lang='lat' dir='ltr'>purgatorium</span> <span class='ocrx_word' id='word_1_302' title='bbox 1001 3625 1204 3709; x_wconf 88' lang='lat' dir='ltr'>appellamus</span> 
     </span>
     <span class='ocr_line' id='line_1_33' title="bbox 457 3729 1599 3817; baseline 0.004 -22"><span class='ocrx_word' id='word_1_303' title='bbox 457 3729 615 3808; x_wconf 89' lang='lat' dir='ltr'>Ceterum,</span> <span class='ocrx_word' id='word_1_304' title='bbox 638 3736 675 3795; x_wconf 92' lang='lat' dir='ltr'>ut</span> <span class='ocrx_word' id='word_1_305' title='bbox 697 3729 791 3796; x_wconf 91' lang='lat' dir='ltr'>etiam</span> <span class='ocrx_word' id='word_1_306' title='bbox 815 3747 872 3796; x_wconf 90' lang='lat' dir='ltr'>neo</span> <span class='ocrx_word' id='word_1_307' title='bbox 895 3747 936 3796; x_wconf 83' lang='lat' dir='ltr'>ex</span> <span class='ocrx_word' id='word_1_308' title='bbox 960 3729 1092 3814; x_wconf 83' lang='lat' dir='ltr'>singulis</span> <span class='ocrx_word' id='word_1_309' title='bbox 1108 3747 1165 3797; x_wconf 90' lang='lat' dir='ltr'>nec</span> <span class='ocrx_word' id='word_1_310' title='bbox 1188 3749 1230 3798; x_wconf 84' lang='lat' dir='ltr'>ex</span> <span class='ocrx_word' id='word_1_311' title='bbox 1246 3730 1404 3798; x_wconf 84' lang='lat' dir='ltr'>universis</span> <span class='ocrx_word' id='word_1_312' title='bbox 1419 3730 1599 3817; x_wconf 89' lang='lat' dir='ltr'>scripturae</span> 
     </span>
     <span class='ocr_line' id='line_1_34' title="bbox 369 3834 1598 3922; baseline 0.001 -19"><span class='ocrx_word' id='word_1_313' title='bbox 369 3836 445 3903; x_wconf 90' lang='lat' dir='ltr'>locis</span> <span class='ocrx_word' id='word_1_314' title='bbox 467 3836 548 3902; x_wconf 87' lang='lat' dir='ltr'>inter</span> <span class='ocrx_word' id='word_1_315' title='bbox 572 3853 605 3902; x_wconf 90' lang='lat' dir='ltr'>se</span> <span class='ocrx_word' id='word_1_316' title='bbox 628 3834 748 3902; x_wconf 89' lang='lat' dir='ltr'>collutis</span> <span class='ocrx_word' id='word_1_317' title='bbox 772 3834 989 3919; x_wconf 82' lang='lat' dir='ltr'>purgatorium</span> <span class='ocrx_word' id='word_1_318' title='bbox 1006 3835 1101 3901; x_wconf 88' lang='lat' dir='ltr'>statui</span> <span class='ocrx_word' id='word_1_319' title='bbox 1125 3835 1243 3920; x_wconf 90' lang='lat' dir='ltr'>possit:</span> <span class='ocrx_word' id='word_1_320' title='bbox 1269 3853 1371 3902; x_wconf 90' lang='lat' dir='ltr'>nonne</span> <span class='ocrx_word' id='word_1_321' title='bbox 1395 3842 1526 3922; x_wconf 89' lang='lat' dir='ltr'>propter</span> <span class='ocrx_word' id='word_1_322' title='bbox 1550 3855 1598 3917; x_wconf 88' lang='lat' dir='ltr'>ea,</span> 
     </span>
     <span class='ocr_line' id='line_1_35' title="bbox 369 3939 1599 4028; baseline 0.002 -20"><span class='ocrx_word' id='word_1_323' title='bbox 369 3959 450 4027; x_wconf 90' lang='lat' dir='ltr'>quae</span> <span class='ocrx_word' id='word_1_324' title='bbox 474 3941 505 4007; x_wconf 91' lang='lat' dir='ltr'>in</span> <span class='ocrx_word' id='word_1_325' title='bbox 522 3941 624 4026; x_wconf 90' lang='lat' dir='ltr'>primo</span> <span class='ocrx_word' id='word_1_326' title='bbox 639 3957 810 4026; x_wconf 84' lang='lat' dir='ltr'>congressu</span> <span class='ocrx_word' id='word_1_327' title='bbox 825 3939 1035 4018; x_wconf 74' lang='lat' dir='ltr'>diximus-</span> <span class='ocrx_word' id='word_1_328' title='bbox 994 3959 1092 4008; x_wconf 90' lang='lat' dir='ltr'>-ne</span> <span class='ocrx_word' id='word_1_329' title='bbox 1107 3940 1183 4026; x_wconf 87' lang='lat' dir='ltr'>quid</span> <span class='ocrx_word' id='word_1_330' title='bbox 1202 3941 1326 4009; x_wconf 89' lang='lat' dir='ltr'>interim</span> <span class='ocrx_word' id='word_1_331' title='bbox 1342 3941 1444 4009; x_wconf 88' lang='lat' dir='ltr'>dicam</span> <span class='ocrx_word' id='word_1_332' title='bbox 1460 3942 1500 4010; x_wconf 90' lang='lat' dir='ltr'>de</span> <span class='ocrx_word' id='word_1_333' title='bbox 1525 3961 1599 4028; x_wconf 91' lang='lat' dir='ltr'>pro·</span> 
     </span>
     <span class='ocr_line' id='line_1_36' title="bbox 368 4044 1598 4132; baseline 0.001 -17"><span class='ocrx_word' id='word_1_334' title='bbox 368 4047 537 4116; x_wconf 87' lang='lat' dir='ltr'>batissimis</span> <span class='ocrx_word' id='word_1_335' title='bbox 561 4045 815 4124; x_wconf 85' lang='lat' dir='ltr'>revelationibus,</span> <span class='ocrx_word' id='word_1_336' title='bbox 837 4063 917 4132; x_wconf 87' lang='lat' dir='ltr'>quas</span> <span class='ocrx_word' id='word_1_337' title='bbox 939 4044 977 4111; x_wconf 93' lang='lat' dir='ltr'>de</span> <span class='ocrx_word' id='word_1_338' title='bbox 1006 4047 1189 4132; x_wconf 84' lang='lat' dir='ltr'>purgatorio</span> <span class='ocrx_word' id='word_1_339' title='bbox 1221 4047 1452 4127; x_wconf 76' lang='lat' dir='ltr'>babemus-</span> <span class='ocrx_word' id='word_1_340' title='bbox 1483 4049 1598 4117; x_wconf 91' lang='lat' dir='ltr'>merito</span> 
     </span>
     <span class='ocr_line' id='line_1_37' title="bbox 369 4151 1597 4240; baseline 0 -18"><span class='ocrx_word' id='word_1_341' title='bbox 369 4154 541 4240; x_wconf 84' lang='lat' dir='ltr'>unicuique</span> <span class='ocrx_word' id='word_1_342' title='bbox 564 4153 681 4219; x_wconf 91' lang='lat' dir='ltr'>bomini</span> <span class='ocrx_word' id='word_1_343' title='bbox 706 4151 859 4218; x_wconf 86' lang='lat' dir='ltr'>catholico</span> <span class='ocrx_word' id='word_1_344' title='bbox 881 4151 1076 4219; x_wconf 82' lang='lat' dir='ltr'>satisfaciunt</span> <span class='ocrx_word' id='word_1_345' title='bbox 1091 4159 1123 4219; x_wconf 92' lang='lat' dir='ltr'>et</span> <span class='ocrx_word' id='word_1_346' title='bbox 1138 4153 1311 4238; x_wconf 75' lang='lat' dir='ltr'>Apostolica</span> <span class='ocrx_word' id='word_1_347' title='bbox 1336 4153 1463 4221; x_wconf 87' lang='lat' dir='ltr'>traditio</span> <span class='ocrx_word' id='word_1_348' title='bbox 1478 4161 1510 4222; x_wconf 93' lang='lat' dir='ltr'>et</span> <span class='ocrx_word' id='word_1_349' title='bbox 1526 4155 1597 4222; x_wconf 92' lang='lat' dir='ltr'>uni-</span> 
     </span>
     <span class='ocr_line' id='line_1_38' title="bbox 370 4257 1595 4344; baseline 0 -17"><span class='ocrx_word' id='word_1_350' title='bbox 370 4259 499 4328; x_wconf 80' lang='lat' dir='ltr'>uersalis</span> <span class='ocrx_word' id='word_1_351' title='bbox 523 4259 675 4327; x_wconf 86' lang='lat' dir='ltr'>Ecclesiae</span> <span class='ocrx_word' id='word_1_352' title='bbox 697 4257 901 4336; x_wconf 89' lang='lat' dir='ltr'>consuetudo,</span> <span class='ocrx_word' id='word_1_353' title='bbox 924 4275 965 4324; x_wconf 89' lang='lat' dir='ltr'>ex</span> <span class='ocrx_word' id='word_1_354' title='bbox 990 4257 1106 4343; x_wconf 84' lang='lat' dir='ltr'>quibus</span> <span class='ocrx_word' id='word_1_355' title='bbox 1124 4275 1217 4325; x_wconf 88' lang='lat' dir='ltr'>usum</span> <span class='ocrx_word' id='word_1_356' title='bbox 1233 4276 1292 4344; x_wconf 94' lang='lat' dir='ltr'>pro</span> <span class='ocrx_word' id='word_1_357' title='bbox 1307 4258 1464 4328; x_wconf 81' lang='lat' dir='ltr'>defunctis</span> <span class='ocrx_word' id='word_1_358' title='bbox 1484 4261 1595 4328; x_wconf 89' lang='lat' dir='ltr'>orandi</span> 
     </span>
    </p>
   </div>
   <div class='ocr_carea' id='block_1_3' title="bbox 374 4405 639 4416">
    <p class='ocr_par' dir='ltr' id='par_1_3' title="bbox 374 4405 639 4416">
     <span class='ocr_line' id='line_1_39' title="bbox 374 4405 639 4416; baseline -0.011 0"><span class='ocrx_word' id='word_1_359' title='bbox 374 4405 639 4416; x_wconf 75' lang='lat'><strong>-..-.———-</strong></span> 
     </span>
    </p>
   </div>
   <div class='ocr_carea' id='block_1_4' title="bbox 443 4491 669 4558">
    <p class='ocr_par' dir='ltr' id='par_1_4' title="bbox 443 4491 669 4558">
     <span class='ocr_line' id='line_1_40' title="bbox 443 4491 669 4558; baseline -0.009 -14"><span class='ocrx_word' id='word_1_360' title='bbox 443 4491 452 4523; x_wconf 90' lang='lat'>¹</span> <span class='ocrx_word' id='word_1_361' title='bbox 473 4493 538 4546; x_wconf 88' lang='lat' dir='ltr'>lnlrn</span> <span class='ocrx_word' id='word_1_362' title='bbox 560 4493 609 4544; x_wconf 78' lang='lat' dir='ltr'>tto</span> <span class='ocrx_word' id='word_1_363' title='bbox 628 4505 669 4558; x_wconf 87' lang='lat' dir='ltr'>sq.</span> 
     </span>
    </p>
   </div>
   <div class='ocr_carea' id='block_1_5' title="bbox 0 0 1700 5096">
    <p class='ocr_par' dir='ltr' id='par_1_5' title="bbox 0 0 1700 5096">
     <span class='ocr_line' id='line_1_41' title="bbox 0 0 1700 5096; baseline 0 0"><span class='ocrx_word' id='word_1_364' title='bbox 0 0 1700 5096; x_wconf 95' lang='lat' dir='ltr'> </span> 
     </span>
    </p>
   </div>
  </div>
 </body>
</html>
