3384 5082
332 212 397 277 ⁶266
722 229 970 279 anouauunruu
996 231 1174 280 secusouu.

334 353 474 432 veritate,
497 352 576 420 diris
598 353 853 422 execrationibus
867 353 1002 422 devovit.
1027 355 1114 439 Quae
1131 355 1205 422 huic
1222 363 1340 441 pugnat
1358 355 1562 436 Baitasarina,

331 459 409 527 aden
433 459 626 546 rebaptizare
650 459 808 527 contendit
831 479 949 539 omnes
975 467 1011 527 ut
1032 462 1204 528 etiamnum
1237 451 1408 529 infantibus
1438 463 1561 529 aditum

332 566 474 633 coelestis
497 565 585 652 regni
610 566 801 652 praecindat.
826 567 886 633 iam
920 567 944 634 si
976 576 1097 634 ceteras
1128 567 1158 634 in
1192 567 1328 634 medinm
1361 568 1563 654 proteramus

332 672 527 742 Chimerinas
549 679 737 751 structuras,
761 672 879 758 quibus
901 673 1045 759 citroque
1060 673 1210 759 nitroque
1232 693 1250 740 a
1274 674 1394 759 seipsis,
1414 675 1563 762 redeoque
1657 653 1658 730 ἶ

331 779 439 846 asnis
463 779 602 864 ipsorum
625 778 823 864 dogmatibus
845 779 1006 858 dissident,
1024 781 1053 846 in
1080 781 1265 848 immensum
1289 781 1446 848 excrescit
1467 800 1560 866 opns.
1657 775 1658 780 ’

332 884 490 971 Siquidem
513 884 586 952 aiibi
618 885 735 952 fatetur
764 885 954 965 Lutherana,
983 885 1060 952 oiirii
1088 885 1296 953 damnationis
1326 905 1394 955 esse
1425 888 1472 965 its,
1504 890 1559 974 qui

332 999 406 1058 sunt
430 991 460 1058 io
485 991 620 1070 Christo,
643 991 715 1058 aiibi
742 1009 852 1059 recens
872 991 1044 1077 baptizatos
1066 991 1200 1070 infantes
1222 993 1264 1060 ob
1288 1001 1449 1080 peccatum
1473 995 1561 1080 quod
1657 1009 1658 1016 ’

333 1105 483 1175 remanet,
520 1106 698 1165 remoratur
732 1116 751 1164 a
784 1099 860 1165 coeti
886 1099 1040 1184 ingressu.
1067 1098 1118 1165 Est
1153 1099 1206 1165 ubi
1242 1100 1363 1178 suadet,
1388 1109 1421 1167 nt
1451 1119 1560 1168 secnm
1657 1113 1658 1120 ’

330 1203 530 1290 expiationis
554 1204 668 1282 iocum,
691 1204 745 1290 qui
770 1203 928 1270 nranidns
958 1222 999 1272 ex
1031 1203 1136 1270 divino
1159 1204 1286 1274 decreto
1317 1206 1476 1272 nonnuiiis
1506 1206 1561 1273 de·

332 1317 461 1395 putatus
483 1318 531 1376 est
548 1309 621 1377 irinc
635 1311 836 1388 abeuntibus,
853 1310 1037 1388 credamns;
1055 1329 1169 1379 rursus
1183 1312 1274 1397 qnasi
1292 1312 1470 1398 subpudeat
1490 1331 1561 1380 eam
1657 1361 1658 1366 ,

333 1417 483 1494 veritatis,
508 1417 593 1484 nunc
617 1417 719 1502 ipsum
744 1435 847 1503 neque
879 1417 1015 1502 proinri,
1040 1435 1143 1504 oeque
1173 1425 1300 1486 exsere
1332 1420 1453 1504 uspiam
1485 1438 1562 1487 con·
1657 1435 1658 1450 ³

333 1523 439 1591 tendit.
466 1522 541 1592 Vide
566 1523 661 1609 igitur
686 1524 792 1602 tector,
816 1533 935 1609 quanto
967 1524 1131 1591 intervalia
1153 1525 1310 1592 meretrix
1342 1525 1498 1604 Ecclesia,
1530 1535 1562 1593 et
1657 1559 1658 1612 1

332 1630 372 1696 air
394 1629 575 1708 universati,
599 1639 627 1696 et
650 1649 672 1696 o
695 1649 729 1695 se
752 1629 827 1715 ipsc
850 1631 1036 1710 riirsentiot,
1061 1639 1154 1716 teque
1179 1631 1261 1697 intra
1283 1632 1351 1698 eius
1375 1641 1463 1716 septa
1486 1651 1563 1699 con·
1657 1659 1658 1686 ³

333 1738 441 1814 tineas,
465 1737 557 1804 cuius
580 1736 660 1803 idem
696 1754 821 1822 semper
845 1737 874 1802 in
900 1736 969 1803 fidei
1002 1737 1106 1803 causis
1135 1737 1294 1803 iudicium.
1326 1739 1432 1824 Neque
1463 1739 1558 1806 etiarn
1657 1735 1658 1762 ³

266 1890 272 1902 .
303 1888 308 1901 .
333 1843 356 1909 si
382 1844 512 1928 angelus
529 1841 581 1910 Dei
601 1843 641 1910 de
656 1843 742 1910 coeio
757 1842 923 1909 descendat
938 1843 1087 1928 aiiudque
1102 1844 1222 1921 doceat,
1237 1851 1333 1930 atque
1350 1846 1427 1911 iraec
1442 1845 1559 1924 docuit,
1657 1889 1658 1906 ,

332 1947 458 2026 credas;
483 1947 582 2012 muito
606 1946 720 2024 minus,
744 1947 769 2012 si
795 1947 964 2013 hurnnncin
979 1946 1134 2032 quispiam
1158 1963 1199 2013 ex
1225 1947 1393 2014 mendaciis
1416 1949 1557 2016 coalitus.

421 2057 450 2120 e.
476 2053 557 2121 Vera
582 2053 714 2119 Ecciesia
737 2049 912 2131 eatltoiien,
937 2061 1041 2118 totum
1074 2072 1133 2137 per
1169 2053 1278 2119 oedem
1312 2073 1438 2139 sparso
1461 2065 1559 2143 ctqrre

331 2159 456 2248 (diffuso
479 2169 536 2239 est,
562 2179 621 2226 non
646 2161 677 2226 in
701 2161 852 2245 anguium
876 2160 1012 2245 aliquem
1037 2169 1153 2237 coacta,
1174 2179 1234 2226 non
1259 2161 1400 2246 angustis
1423 2162 1559 2229 circnm-

331 2276 418 2353 septa
444 2266 571 2345 tinibus,
602 2266 656 2334 sed
689 2267 791 2334 rrbivis
823 2267 963 2333 iocorum
997 2266 1092 2333 troius
1124 2266 1227 2345 fidem,
1265 2267 1361 2334 troius
1392 2268 1559 2346 iiinistros,
1657 2305 1658 2344 q

331 2375 428 2442 huius
449 2373 584 2458 denique
608 2381 801 2440 sacramenta
826 2373 925 2458 priam
942 2391 1100 2458 agnosces.
1120 2372 1268 2440 Exstabat
1283 2374 1357 2439 oiim
1381 2373 1466 2459 apud
1484 2394 1559 2460 pan-
1657 2377 1658 2392 ¹

330 2499 393 2559 cos,
418 2490 489 2546 turn
511 2480 571 2567 qni
591 2499 631 2546 en
657 2480 871 2556 luticenrorn,
893 2489 961 2545 torn
979 2480 1039 2566 qui
1054 2499 1093 2544 en
1114 2479 1291 2545 Gentilium
1317 2480 1353 2562 tii
1378 2479 1439 2560 ab)
1463 2489 1561 2547 erunt

330 2587 474 2664 noticiae,
502 2585 559 2652 iiet'
582 2585 736 2653 Ecclesia.
771 2586 888 2652 Verrem
920 2582 1006 2651 drarrc
1036 2584 1250 2652 iiiiatondnm
1281 2585 1373 2651 rtitro
1405 2605 1502 2652 inore
1531 2596 1560 2652 et

334 2689 502 2778 Africum,
526 2702 555 2758 et
580 2691 786 2779 Aquilonem,
811 2700 841 2756 et
864 2691 910 2758 nd
934 2691 1142 2769 occidentem,
1174 2700 1203 2756 et
1227 2691 1273 2757 od
1295 2693 1465 2770 orientem,
1491 2694 1559 2778 pin-
1657 2693 1658 2712 ¹

332 2817 445 2885 resque
479 2798 547 2865 inre
574 2798 654 2864 filins
683 2799 836 2876 desertae,
861 2817 955 2884 qnam
987 2798 1056 2865 eius
1087 2817 1169 2883 qnae
1201 2807 1267 2864 tum
1300 2798 1412 2866 habuit
1444 2800 1559 2878 virum,

331 2905 499 2971 vaticiniis
518 2902 760 2990 prophetarunt
784 2905 1061 2991 praemandatum
1093 2913 1148 2970 eat.
1175 2907 1352 2990 agnoscunt
1381 2906 1473 2984 hanc,
1505 2907 1558 2990 qui

332 3019 426 3079 totam
458 3011 523 3078 iere
559 3011 713 3096 Europam
750 3011 934 3089 inhabitant,
965 3012 1018 3096 qui
1054 3011 1199 3088 ltota'rtm,
1223 3013 1277 3097 qui
1313 3011 1472 3090 (initiam,
1503 3011 1556 3097 qui

331 3119 545 3204 Hispaniam,
570 3117 624 3203 qni
651 3117 852 3195 Britanniam,
868 3118 922 3203 qni
941 3117 1139 3195 Pannoniam,
1163 3117 1299 3204 denique
1322 3119 1376 3204 qni
1394 3125 1491 3184 totam
1514 3119 1558 3210 in·

331 3226 438 3292 coiunt
461 3224 668 3291 Germaniam.
694 3224 776 3290 iianc
800 3230 992 3291 venerantur
1014 3243 1133 3302 omnes
1158 3225 1232 3291 hnic
1257 3242 1369 3291 manus
1391 3224 1557 3302 dederunt,

332 3331 427 3398 huius
450 3329 584 3398 decretis
607 3331 764 3416 iussisque
787 3331 1017 3415 obsequuntur.
1043 3333 1063 3398 d
1089 3331 1164 3398 sotis
1187 3331 1269 3398 enim
1293 3340 1366 3397 ortu
1390 3349 1494 3416 usque
1520 3329 1557 3396 ad

330 3455 486 3519 occasum,
510 3437 550 3503 ad
574 3436 723 3523 aquilone
747 3455 848 3523 usque
879 3436 916 3503 ad
951 3455 1036 3504 mare
1068 3456 1215 3522 magnum
1248 3454 1361 3504 nomen
1392 3437 1472 3514 eiuS,
1497 3456 1558 3503 nnn

332 3544 391 3610 iam
416 3544 497 3610 inter
515 3543 643 3610 iudaeos
666 3551 702 3610 nt
725 3544 810 3621 oiim,
827 3543 879 3610 sed
906 3544 987 3609 inter
1010 3551 1129 3629 gentes,
1145 3544 1227 3612 inter
1251 3543 1415 3622 Barbaros,
1437 3551 1470 3611 et
1486 3547 1558 3628 Scy-

333 3650 413 3728 thas,
437 3657 468 3717 et
491 3657 647 3736 quotquot
672 3650 795 3716 tandem
819 3658 903 3729 sunt,
928 3651 981 3735 qui
1007 3649 1044 3716 ad
1070 3650 1166 3716 iurins
1182 3650 1337 3736 gremium
1362 3649 1557 3735 confugiunt.

422 3753 530 3822 ΝοιΙια
547 3765 657 3822 autea
673 3756 829 3834 Ecclesia,
847 3765 917 3822 tom
932 3764 978 3821 est
995 3757 1030 3821 in
1046 3766 1181 3822 arctum
1197 3755 1347 3834 detruso,
1364 3765 1433 3822 tom
1450 3775 1558 3844 onpo-

330 3861 391 3928 stt's
405 3861 529 3944 finibus
545 3861 815 3948 circumscripto,
833 3872 869 3928 nt
885 3882 925 3928 rte
940 3881 1057 3928 nioman
1073 3881 1173 3927 snrtnr
1191 3862 1280 3928 tueri
1291 3862 1408 3947 possit,
1424 3862 1457 3928 si
1472 3861 1558 3929 done

331 3965 526 4034 cotioiiecm
551 3969 660 4034 dicere
683 3968 836 4035 vatieno.
861 3969 942 4053 Quin
967 3977 1002 4035 nt
1026 3969 1104 4034 citra
1129 3968 1274 4034 invidiam
1301 3969 1390 4035 liceat
1413 3968 1503 4036 fateri
1529 3969 1557 4034 id

331 4073 415 4158 quod
439 4082 496 4152 est,
520 4073 543 4140 si
571 4075 650 4140 hanc
673 4073 710 4140 ad
737 4074 934 4154 iudaeorum,
957 4075 1011 4160 qui
1031 4076 1182 4142 hactenus
1207 4074 1304 4142 reiicti
1321 4084 1406 4154 sunt,
1427 4093 1558 4162 synago

331 4198 401 4264 ganr
426 4180 545 4265 exigas,
571 4179 673 4266 reipsa
704 4181 908 4266 cotttqnesctr,
941 4182 1041 4248 mutto
1073 4183 1180 4266 piures
1211 4199 1279 4248 esse
1302 4181 1395 4248 hodie
1419 4181 1558 4262 iudaeos,

331 4304 426 4372 quam
452 4287 658 4364 ertheranns,
681 4285 988 4373 OecoiampadiaonS,
1012 4297 1042 4354 et
1067 4287 1096 4354 id
1121 4305 1221 4374 genus
1250 4287 1339 4366 aiios,
1374 4288 1471 4356 huius
1494 4309 1557 4355 rne-

330 4393 463 4459 retr·icis
486 4393 733 4480 antesignanos,
748 4393 867 4480 quique
890 4412 908 4459 a
924 4395 1061 4460 Romana
1076 4394 1276 4462 desciverunt
1292 4393 1436 4460 Ecclesia.
1458 4397 1557 4480 Quam
1657 4429 1658 4490 3
