3364 5092
185 2697 248 2742 llam
263 2697 283 2748 l,
298 2697 331 2742 to.

186 2802 206 2847 l.
215 2803 264 2848 cor.
273 2803 293 2856 l,
300 2802 335 2848 tt.

196 4253 334 4299 &cormello

191 4309 334 4416 „lltllll

195 4418 229 4460 tor
243 4417 334 4480 scripto·

205 4479 251 4513 mm
266 4479 320 4513 reer-

218 4521 306 4578 pianda.

358 310 400 374 ta
674 326 870 374 courormm
894 327 1127 374 coruncanum
1149 327 1266 374 nanim.

357 450 465 517 baberi
488 450 610 528 debeat,
635 457 782 536 tanquam
815 449 922 517 eadem
957 468 1054 536 opera
1086 449 1252 518 Ecclesiam
1284 451 1336 518 Dei
1369 459 1581 518 contemnens.

356 559 455 642 Atque
480 558 538 623 ltoc
561 575 664 634 omne,
680 557 763 642 quod
784 556 845 622 sub
860 556 1038 623 Christiana
1060 564 1092 624 et
1116 556 1299 642 Evangeliea
1319 555 1462 623 doctrina
1484 554 1583 622 ronti-

356 663 423 730 neri
447 663 598 742 diximus,
632 663 763 729 verbum
789 663 843 729 Dei
876 681 936 729 non
969 662 1164 730 incommode
1195 663 1344 748 appellari
1375 670 1484 748 potest.
1516 661 1583 726 Non

355 769 438 836 enirn
464 769 596 836 verbum
622 769 675 836 Dei
700 769 802 836 solum
820 768 927 836 baberi
952 768 1044 835 debet
1060 768 1119 836 boc
1143 769 1276 836 uerbum
1295 769 1347 836 bet
1365 769 1462 835 sacris
1485 766 1586 834 literis

355 884 534 954 exaratum,
557 894 653 960 quem
677 872 746 958 (39)
772 876 800 941 in
828 875 955 942 modium
980 875 1148 960 utriusque
1172 875 1346 942 testamenti
1372 877 1481 960 pagina
1513 891 1586 940 ver-

355 983 432 1050 bum
457 983 510 1048 llei
537 1000 593 1068 per
624 983 843 1050 excellentiam
874 983 1070 1068 appellatum
1095 1000 1206 1049 verum
1238 982 1330 1050 etiam
1366 999 1467 1059 omne,
1498 979 1586 1066 quod

355 1096 402 1154 est
425 1088 670 1175 quibuscunque
693 1087 844 1154 divinitus
867 1089 1065 1172 inspiratum,
1096 1089 1146 1167 sit,
1170 1107 1208 1155 an
1233 1106 1294 1155 non
1327 1088 1367 1155 sit
1403 1088 1500 1156 literis
1530 1087 1587 1153 de·

355 1195 550 1273 mandatnm,
575 1194 707 1261 verbum
733 1194 785 1260 Dei
812 1194 998 1279 inspiratum
1023 1211 1099 1260 sano
1122 1194 1256 1279 quodam
1282 1193 1439 1262 intellectu
1464 1210 1587 1260 nuncu·

357 1301 423 1386 pari
449 1301 572 1385 poterit.
598 1299 778 1367 Huiusmodi
796 1307 901 1367 autem
926 1318 994 1368 esse
1017 1300 1132 1380 omnia,
1156 1318 1237 1386 quae
1259 1300 1343 1368 dieta
1365 1308 1449 1380 saint,
1465 1299 1505 1367 de
1521 1299 1587 1365 sin-

355 1408 448 1493 gulis,
473 1407 503 1473 ni
529 1407 629 1486 lallor,
653 1415 702 1473 sat
725 1425 884 1492 superque
908 1407 1234 1474 comrnonstrarimus

448 1513 618 1598 intelligitis
636 1530 713 1597 ergo
738 1513 784 1580 vel
811 1513 933 1579 taudem
960 1530 1024 1589 vos
1050 1512 1222 1598 Euangeliei
1246 1513 1363 1580 seilicet
1386 1513 1586 1579 concionato-

357 1637 417 1698 res,
441 1637 536 1705 quam
564 1626 627 1685 tota
650 1622 700 1696 (ut
723 1620 824 1702 aiunt)
850 1621 899 1684 via
921 1619 1107 1685 exorbitetis
1130 1620 1170 1685 ab
1200 1619 1353 1704 Evangelii
1382 1637 1487 1704 scopo,
1512 1637 1587 1685 rou·

355 1725 522 1792 fundentes
547 1725 818 1792 indiscriminatim
844 1725 1045 1810 scripturam,
1070 1726 1202 1792 verbum
1228 1725 1292 1804 Dei,
1316 1734 1348 1792 et
1372 1725 1587 1810 Evangelium,

355 1850 436 1916 quae
462 1840 547 1897 tanto
570 1832 629 1914 tuti
655 1831 714 1898 iam
739 1831 945 1911 ostendimus)
979 1831 1142 1898 intervallo
1171 1832 1296 1898 distant.
1321 1833 1396 1897 Nam
1427 1832 1589 1915 scriptura

355 1937 481 2024 quidem
508 1939 589 2004 intra
614 1937 782 2004 bibliorum
807 1939 886 2004 lines
908 1941 1083 2017 coercetur,
1107 1945 1139 2003 at
1162 1938 1294 2004 verbum
1320 1938 1373 2003 [lei
1409 1937 1459 2004 bis
1483 1937 1589 2003 nenti·

355 2062 449 2129 quam
474 2045 627 2128 augustiis
649 2044 763 2110 arctari
790 2045 907 2123 volens,
931 2045 1031 2111 mullo
1055 2063 1088 2110 se
1112 2045 1205 2111 latius
1238 2051 1333 2130 atque
1357 2045 1481 2129 longius
1513 2063 1587 2129 por·

356 2150 438 2235 rigit.
465 2150 665 2236 Erarigelium
692 2167 765 2216 vero
799 2169 858 2236 pro
892 2169 1040 2236 germana
1064 2169 1202 2236 veraque
1236 2153 1356 2218 ratione
1379 2168 1447 2230 sua,
1479 2169 1585 2236 neque

355 2255 512 2340 scriptura
536 2263 593 2334 est,
618 2273 721 2342 neque
743 2255 871 2322 omnino
896 2256 1027 2322 verbum
1053 2256 1118 2335 Dei,
1142 2257 1199 2323 nisi
1225 2255 1304 2322 lorte
1339 2254 1422 2341 quod
1449 2255 1589 2340 Evange-

357 2363 431 2428 lium
457 2361 523 2444 (ubi
549 2380 607 2448 pro
631 2362 741 2428 reontio
764 2380 820 2429 seu
847 2363 946 2447 legato
969 2363 1046 2446 ipso,
1070 2379 1183 2448 nempe
1212 2363 1280 2429 lesu
1303 2361 1426 2429 Cbrislo
1447 2381 1508 2427 vox
1534 2379 1589 2428 su-

357 2469 467 2546 mitur)
494 2469 624 2534 verbum
649 2468 702 2535 [lei
728 2468 924 2535 incarnatum
949 2478 1006 2546 est,
1030 2487 1124 2554 quem
1151 2469 1180 2534 in
1207 2467 1344 2547 modum,
1368 2469 1392 2534 si
1418 2468 1494 2555 quid
1515 2467 1589 2534 Ori-

356 2575 425 2660 geni
451 2574 602 2652 ereditur,
628 2592 740 2640 nomen
766 2575 796 2641 in
822 2575 966 2640 Romanis
990 2582 1165 2660 usurpatur
1188 2575 1228 2640 ab
1250 2575 1394 2659 apostolo
1428 2592 1500 2640 eum
1525 2575 1588 2640 ait:

358 2679 431 2746 Νοη
456 2700 505 2745 ote
525 2681 627 2765 pudet
654 2679 836 2765 Evangelii,
859 2683 1005 2766 potentio
1028 2681 1192 2768 siquidum
1215 2689 1262 2746 est
1287 2680 1346 2746 Dei
1368 2681 1414 2746 od
1444 2680 1589 2750 sulutem

357 2787 449 2852 ouilia·
471 2787 625 2853 credenti.
652 2785 805 2853 Christus
828 2787 911 2853 enim
939 2787 999 2852 Dei
1017 2787 1163 2872 potentio
1187 2806 1228 2852 ue
1255 2786 1313 2852 Dei
1334 2786 1500 2871 sapientie
1528 2794 1588 2853 est.

358 2895 454 2959 l¹orro
477 2893 653 2959 Christiana
676 2911 731 2959 seu
760 2893 940 2978 Evangelica
963 2893 1105 2959 doctrina
1128 2909 1326 2978 nequaquam
1350 2892 1389 2958 ad
1406 2911 1495 2958 sacra
1520 2901 1589 2959 tan-

358 3005 423 3065 tum
448 2999 544 3065 biblia
567 2999 804 3084 constringitur,
828 3009 860 3065 at
884 2999 980 3067 verbo
1005 2999 1058 3066 Dei
1084 3007 1144 3065 tant
1171 2999 1320 3082 inspirato
1336 3016 1430 3083 quam
1455 3008 1590 3065 exarato

358 3106 517 3189 reciproca
541 3113 571 3172 et
594 3107 744 3190 aequalis,
770 3113 895 3190 praeter
919 3106 1097 3172 cartonicam
1115 3105 1285 3190 utriusque
1308 3105 1482 3171 testamenti
1508 3105 1589 3170 scri·

357 3219 483 3296 pteram
508 3211 567 3276 alla
584 3213 642 3294 (uti
659 3231 677 3278 a
695 3213 784 3279 nobis
798 3221 958 3278 ostensum
977 3215 1036 3294 est)
1055 3212 1211 3297 permulta
1227 3211 1456 3296 complectitur,
1473 3228 1588 3296 nempe

358 3318 541 3385 traditiones
563 3319 790 3403 Apostolorum,
815 3319 1018 3386 conciliorum
1036 3319 1172 3394 decreta,
1196 3318 1371 3384 sanctiones
1390 3317 1587 3396 Pontificum,

358 3424 510 3490 Ecclesiae
534 3425 786 3504 consuetudines,
812 3425 1017 3491 revelationes
1033 3429 1229 3503 Sanctorum,
1245 3423 1409 3490 doctorum
1436 3423 1589 3490 lucubra-

357 3530 466 3608 tiones,
491 3531 649 3596 seculares
672 3531 778 3597 literas
801 3540 831 3597 et
857 3532 1010 3597 bumanas
1034 3531 1169 3616 denique
1194 3530 1453 3596 ratiocinationes.

448 3637 503 3702 Ubi
529 3655 612 3702 none
642 3637 729 3714 illud,
750 3635 943 3704 'carionieam
980 3637 1148 3722 utriusque
1184 3621 1358 3703 testamenti
1394 3635 1587 3719 scripturam

357 3743 482 3809 unicam
507 3761 575 3810 esse
599 3741 669 3808 fidei
695 3751 819 3810 nostrae
844 3762 901 3809 ceu
925 3743 1074 3809 amussim
1099 3750 1131 3808 et
1147 3744 1312 3827 regulaml
1328 3743 1403 3807 llam
1421 3741 1588 3826 haudqua-

356 3868 450 3935 quam
477 3849 635 3934 scriptcra
659 3850 751 3916 tidem
776 3859 916 3916 nostram
940 3856 1108 3934 exaequat,
1132 3858 1168 3916 ut
1200 3849 1230 3914 in
1261 3849 1408 3915 omnibus
1437 3847 1503 3916 vice
1536 3866 1587 3915 re-

356 3955 448 4042 gulae
471 3955 612 4021 adbiberi
638 3957 752 4040 possit;
778 3957 870 4040 plura
891 3955 973 4022 euim
999 3964 1083 4034 sunt,
1107 3973 1189 4040 quae
1206 3955 1382 4021 Christiana
1406 3954 1504 4039 pietas
1522 3972 1588 4020 ere-

356 4061 431 4129 dere
456 4061 552 4140 iubet,
576 4061 614 4128 de
637 4063 755 4147 quibus
779 4063 855 4129 nillil
880 4062 1037 4147 scriptura
1062 4063 1258 4147 praescribit,
1283 4061 1421 4128 niaxime
1453 4060 1477 4127 si
1503 4061 1586 4146 quis,

358 4167 388 4233 id
412 4168 496 4254 quod
523 4186 575 4234 ros
598 4169 699 4254 agitis,
722 4170 911 4253 scripturam
939 4187 998 4234 non
1035 4177 1097 4234 tam
1124 4187 1310 4254 prestitisti,
1342 4185 1436 4253 quam
1461 4185 1519 4252 pro
1554 4167 1587 4233 li-

358 4285 425 4342 tera
449 4284 563 4342 suntal.
591 4277 640 4342 Est
663 4277 745 4341 euim
770 4285 903 4361 angusta
926 4275 1052 4361 quidem
1080 4275 1192 4352 verbis,
1214 4274 1283 4358 (tet
1307 4283 1339 4341 at
1362 4274 1506 4341 sensibus
1530 4273 1587 4340 im·

357 4401 473 4450 mensa.
499 4381 554 4450 Ubi
580 4401 663 4448 ritune
689 4381 775 4460 illud,
801 4382 876 4448 nibil
901 4392 1027 4467 praeter
1054 4401 1143 4450 sacra
1167 4382 1336 4449 bibliorum
1360 4381 1485 4466 eloquia
1509 4381 1587 4448 reei-

358 4489 531 4576 piendum‘l
555 4489 629 4555 Nam
656 4498 690 4555 ut
714 4487 865 4554 addamus
889 4490 1023 4573 paucula
1048 4489 1095 4568 iis,
1119 4489 1236 4574 quibos
1261 4488 1343 4555 istud
1366 4487 1491 4555 abunde
1514 4505 1587 4556 con·
