3378 5082
548 269 661 316 vuinus
683 268 888 318 cunonessus.
1286 253 1328 318 ll

97 411 320 480 quoacunque
342 392 417 458 elici
439 391 538 459 avolo,
561 393 597 458 Et
619 391 710 460 alibi:
736 391 855 460 Adbuc
877 389 978 462 babeo
1001 393 1108 461 multa
1131 413 1216 482 quoe
1238 394 1330 461 vobis
1352 410 1382 455 u.
1397 410 1431 460 n,
1446 411 1481 455 u.

97 499 226 576 dicum,
252 499 310 564 sed
332 518 400 565 noa
419 499 553 585 potentie
573 508 712 585 portare
735 519 834 566 nunc.
860 499 944 566 Cum
974 509 1085 568 uuum
1119 501 1243 568 venuit
1265 500 1329 580 illc,
1402 464 1435 508 η’

98 607 160 694 qui
183 605 397 690 catapirates
419 605 581 685 veritatis,
605 606 700 674 ducet
726 626 785 672 voe
819 607 853 674 in
886 625 1014 674 omnem
1043 606 1234 687 veriiaum;
1257 625 1328 675 cum

100 719 205 779 lamen
230 718 263 779 et
285 712 326 778 ab
349 713 417 798 ipso
439 711 564 780 Cbristo
586 713 625 779 de
641 731 675 781 se
697 713 735 780 ad
759 731 834 782 suos
856 713 974 781 dictum
1000 713 1057 781 sit:
1080 715 1146 801 Epo
1161 733 1238 780 enm
1261 715 1329 792 vie,
1352 729 1382 776 n.
1397 730 1431 782 u,
1446 730 1466 774 e.

100 829 128 884 et
150 819 291 897 veruca,
315 827 344 884 et
367 819 449 898 uite,
472 827 504 886 et
526 837 545 886 a
577 821 688 886 loaune
712 821 799 888 visus
829 820 925 888 luerit
948 820 1056 888 sedere
1087 838 1184 906 super
1211 837 1329 906 equum

99 925 220 1002 album,
245 933 276 991 et
301 925 404 992 vocari
429 924 529 992 fidelis
553 922 622 1009 (18)
646 932 677 994 et
701 945 810 994 verax.
834 927 911 1011 Quis
933 945 1042 1012 porro
1075 926 1116 994 sit
1138 927 1188 994 vel
1207 935 1329 1012 guttam

99 1031 269 1097 Cbrisliani
295 1031 457 1116 sanguinis
480 1032 609 1111 babens,
633 1032 687 1118 qni
710 1032 749 1099 ad
773 1039 875 1100 tantas
905 1033 937 1100 in
961 1027 1081 1118 patrem
1113 1039 1145 1100 et
1175 1033 1275 1100 lilium
1298 1038 1330 1100 et

98 1137 249 1222 spiritum
274 1147 419 1205 sancium
455 1138 667 1226 blasphemias
689 1140 739 1207 vel
774 1140 913 1207 referens
936 1141 986 1207 vel
1019 1139 1150 1210 audiens
1172 1158 1235 1207 non
1258 1158 1329 1226 per-
1429 1179 1432 1184 ·

101 1247 278 1322 horrescat,
303 1245 402 1311 Deum
427 1252 547 1331 patrem
572 1263 634 1312 non
658 1245 825 1314 exaudisse
849 1245 961 1326 lilium,
984 1245 1083 1312 lilium
1108 1265 1171 1313 non
1186 1263 1329 1315 servasse

99 1353 268 1435 promissa,
293 1351 440 1437 spiritum
473 1361 614 1420 sanctum
648 1351 813 1420 Ecclesiam
844 1352 1023 1420 destituisse
1046 1371 1194 1439 —quae
1225 1359 1328 1420 mmen

97 1459 205 1526 omnia
229 1458 390 1538 eveniunt,
414 1458 439 1524 si
465 1457 629 1544 Evangelio
653 1458 767 1526 seculis
789 1458 909 1545 aliquot
940 1459 1073 1544 sepulto,
1104 1458 1135 1526 id
1166 1458 1250 1546 quod
1274 1476 1329 1526 vos

98 1565 215 1644 dicitis,
239 1571 271 1632 et
294 1564 372 1631 sides
394 1573 426 1632 et
450 1564 584 1632 Ecclesia
606 1565 816 1632 cummuniter
840 1565 933 1632 simul
958 1565 1184 1632 intermortuae
1200 1565 1327 1632 luerint.

190 1675 228 1738 lt
250 1671 488 1757 respondebitis,
504 1671 633 1756 opinor:
652 1671 732 1738 ldem
750 1671 887 1738 latemur
902 1671 1040 1758 uiridem,
1062 1672 1214 1739 hactenus
1230 1671 1328 1740 Evan-
1346 1690 1497 1746 ornnem

99 1779 218 1864 gelium
243 1777 339 1846 luisse
362 1779 444 1845 inter
468 1777 620 1855 homines,
647 1795 755 1846 verum
781 1795 883 1864 neqvve
907 1777 1040 1844 fideliter
1075 1795 1177 1864 neque
1200 1777 1327 1846 sinceri·
1350 1753 1497 1895 ffiffffa

101 1884 178 1952 ter¹
204 1885 254 1952 vel
277 1885 470 1952 intellectum
494 1903 513 1951 a
537 1885 665 1970 plebeis,
688 1884 738 1951 vel
761 1903 780 1951 a
802 1883 984 1951 doctoribus
1007 1883 1169 1962 traditum,
1200 1884 1253 1951 sed
1276 1900 1327 1951 er·
1352 1861 1498 2002 :ffifflnffi

101 1991 206 2059 mneis
230 1992 428 2076 impurisque
452 1991 612 2058 bominum
638 1991 822 2058 commentis
844 1995 875 2058 et
897 1989 1107 2057 additionibus
1130 1990 1272 2057 vitiatum
1296 1998 1327 2058 el
1407 2010 1444 2054 rie

100 2097 191 2183 quasi
215 2096 351 2164 dilutum
377 2097 632 2182 lympbatiusque
655 2096 784 2176 lactum,
816 2096 952 2163 nativam
984 2097 1046 2162 vim
1070 2104 1102 2164 et
1129 2095 1327 2182 splendorem
1370 2152 1376 2164 .

100 2204 274 2290 genuinum
298 2203 448 2270 amisisse.

191 2311 275 2376 Eona
298 2309 404 2376 verba.
430 2309 595 2394 Principio,
618 2308 694 2396 quid
719 2309 769 2376 bic
792 2309 892 2376 dicam
917 2309 1013 2389 aliud,
1029 2327 1124 2395 quam
1147 2307 1224 2375 illud
1248 2311 1327 2393 llpo-

99 2416 257 2493 stolicum,
280 2415 365 2501 quod
381 2413 418 2480 ad
435 2415 612 2482 Corinthios
627 2415 687 2480 ait:
706 2415 801 2498 Quod
815 2415 848 2481 si
861 2412 973 2482 udlvuc
988 2415 1131 2482 uelatum
1155 2423 1200 2481 est
1217 2417 1325 2482 Euan·
1349 2435 1380 2491 n.
1388 2435 1445 2544 ³⁰⁰1}
1458 2436 1478 2490 i,

99 2521 223 2609 pelium
247 2531 411 2600 nostrum,
437 2521 471 2588 v‘n
494 2519 546 2588 liis
569 2522 629 2609 qui
649 2531 786 2608 pereum
809 2522 953 2589 velatum
976 2531 1033 2601 eal,
1050 2521 1222 2610 inquibus
1239 2523 1327 2588 Deus

102 2627 204 2694 laniata
226 2626 331 2694 seculi
352 2629 537 2695 excaecavit
559 2648 677 2695 sumus
694 2629 956 2708 incredulorum,
980 2649 1019 2694 ue
1042 2628 1238 2696 illucesceret
1262 2628 1327 2695 tub

101 2737 213 2801 lumen
225 2734 399 2821 Eounpelie'
411 2733 540 2821 pieriae
554 2733 689 2814 Christi,
705 2735 766 2824 qni
780 2743 826 2801 eet
842 2735 953 2822 lmepo
967 2735 1036 2814 Dei,
1053 2736 1113 2802 boc
1129 2744 1176 2802 est
1192 2735 1222 2801 in
1239 2734 1327 2804 vobis

102 2842 278 2928 ambisque
301 2840 465 2908 similibus.
490 2842 565 2908 Nam
591 2841 648 2908 ista
664 2842 764 2909 elusio
782 2851 884 2908 vestra
899 2841 1004 2908 dillert
1028 2841 1130 2921 inodo,
1154 2860 1215 2908 non
1232 2842 1327 2908 eliam

100 2948 213 3027 aulert,
237 2965 320 3034 quae
344 2948 405 3014 iam
421 2948 594 3016 obiecimus
610 2948 813 3016 incommoda.
832 2949 896 3015 Non
913 2949 995 3016 enim
1020 2949 1051 3015 in
1075 2949 1252 3034 superlicio,
1273 2948 1328 3016 sed

101 3055 132 3120 in
157 3053 294 3122 medulla
303 3079 312 3134 ;
336 3073 398 3120 non
423 3054 453 3120 in
478 3072 659 3121 sermonum
695 3055 786 3134 loliis,
811 3055 865 3122 sed
896 3055 926 3121 in
960 3055 1063 3122 radice
1095 3055 1240 3134 rationis,
1265 3073 1327 3122 non

102 3163 131 3228 in
157 3161 264 3230 verbis
286 3162 528 3247 scripturarum,
552 3163 605 3229 sed
629 3163 660 3229 in
685 3163 910 3230 sententiarum
937 3163 1110 3248 mysteriis;
1135 3181 1196 3228 nou
1222 3163 1252 3228 in
1278 3181 1328 3230 vo

100 3269 200 3347 cibus,
224 3268 279 3335 sed
304 3269 334 3335 in
360 3269 472 3348 rebus;
498 3288 558 3334 non
583 3270 614 3336 in
638 3269 789 3347 oratione,
815 3269 869 3336 sed
893 3270 924 3336 in
948 3287 1060 3348 sensu;
1086 3287 1147 3336 uon
1171 3269 1201 3336 in
1227 3269 1327 3349 litera,

99 3375 153 3442 sed
177 3376 208 3442 iu
225 3376 351 3461 spiritu,
369 3376 522 3462 Evangelii
542 3376 589 3443 vis
605 3377 746 3444 consistit
762 3379 785 3456 ²,
809 3377 930 3444 dicente
945 3376 1087 3444 cbristo:
1113 3375 1226 3455 Verbo,
1243 3394 1329 3464 quae
1349 3393 1380 3440 u.
1394 3393 1415 3448 e,
1429 3392 1464 3439 ev.

100 3501 158 3569 epo
180 3481 310 3570 bonor,
333 3483 475 3568 spiritua
498 3493 528 3548 et
551 3483 621 3550 vite
643 3493 731 3549 sunt.
759 3483 828 3566 Quo
858 3483 903 3562 lit,
935 3491 972 3549 ut
995 3483 1187 3550 tantumdem
1211 3483 1251 3550 sit
1274 3500 1327 3568 pe-

101 3589 204 3668 riculi,
228 3607 268 3656 ne
291 3588 392 3655 dicam
417 3591 489 3674 plus
511 3590 616 3668 eliam,
641 3597 673 3656 el
696 3590 861 3675 Evangelio
885 3608 1016 3676 prorsus
1031 3607 1150 3668 carere,
1174 3595 1205 3656 et
1229 3589 1327 3656 Evan-

99 3697 215 3780 gelium
241 3714 301 3762 non
321 3697 473 3763 veraciter
498 3697 680 3782 intelligere,
696 3704 752 3762 aut
768 3715 828 3763 non
848 3705 931 3764 recte
947 3697 1097 3782 promen.
1115 3696 1325 3780 Quamobrem

100 3805 124 3869 si
149 3802 270 3888 aliquot
294 3803 353 3868 iam
377 3803 491 3871 seculis
515 3803 573 3886 (uli
598 3803 713 3886 dicitis)
731 3803 877 3870 mortales
902 3823 976 3870 vero
998 3821 1211 3889 germanoque
1233 3803 1327 3870 Evan-

100 3909 170 3995 gelii
195 3927 290 3976 sensu
314 3927 350 3976 ac
374 3910 577 3996 intelligentia
605 3911 744 3978 destituti
781 3911 982 3978 crassissimis
1011 3928 1156 3977 errorum
1191 3911 1328 3978 tenebris

101 4017 199 4100 pressi
223 4015 415 4094 oberrarint,
438 4017 480 4082 ita
506 4024 539 4083 ut
564 4017 763 4102 Evangelium
790 4036 846 4083 nec
870 4035 943 4084 vere
968 4035 1024 4083 nec
1048 4035 1127 4102 pure
1150 4026 1205 4083 aut
1228 4035 1246 4083 a
1267 4035 1327 4083 ma·

171 4191 179 4222 ¹
201 4193 255 4246 lluc
274 4207 380 4260 semper
394 4197 476 4247 lorma
491 4197 541 4247 boc
554 4195 711 4248 adverbium
725 4196 749 4246 in
763 4193 886 4248 omnibus
900 4195 1042 4247 llerbornei
1062 4193 1188 4260 operibus
1204 4195 1326 4248 occurrit.

170 4281 181 4318 ¹
201 4281 285 4338 Encb.
307 4285 324 4336 E
343 4282 394 4336 Eb:
413 4283 471 4350 Quo
490 4283 610 4351 quisquis
628 4284 748 4349 caruerit,
769 4287 862 4337 lrrislre
882 4285 915 4336 do
939 4284 1082 4336 verborum
1100 4282 1172 4352 soliis
1191 4285 1326 4348 gloriatur,

102 4375 193 4425 lruslru
213 4371 264 4426 sibi
284 4371 392 4428 literam
410 4381 543 4439 arroget...
561 4373 777 4441 quandoquidem
793 4387 843 4426 non
856 4371 1001 4428 uerborum
1013 4371 1094 4441 loliis,
1107 4371 1154 4427 sed
1166 4371 1195 4426 in
1207 4371 1326 4428 oeedvlllu

101 4461 230 4518 comete.
