3390 5096
510 359 639 408 runrrus
661 357 866 409 cononsssus.
1238 342 1301 407 lt7

79 498 262 566 germanum
300 481 501 566 Evangelium
534 487 567 549 et
597 500 706 550 rerum
743 482 841 568 ipsius
875 500 1002 550 sensum
1026 482 1122 550 luisse
1146 483 1176 548 in
1200 483 1303 567 primo

79 604 248 671 congressu
271 585 508 667 ostendimus¹;
532 587 563 654 id
586 595 691 655 autem
718 589 760 655 ita
782 605 851 656 esse
867 606 942 654 mox
958 572 1083 655 anobis
1103 588 1302 655 indicabitur.

161 692 327 759 Postremo
349 692 569 761 concludentes
592 693 675 764 istud
698 693 849 778 adiicitis:
878 693 1041 761 «Proinde
1064 693 1205 760 divinum
1221 695 1304 779 psal-

79 807 135 865 tem
158 797 262 866 David
287 804 403 867 statum
426 815 548 879 eorum,
571 799 627 885 qui
650 799 754 866 carnis
777 799 858 867 mole
889 799 978 867 exuti
1004 808 1089 880 sunt,
1113 816 1240 867 vocasse
1262 800 1303 867 si-

79 905 219 984 lentium,
244 904 330 990 quod
353 922 466 991 parurn
501 906 579 973 certi
616 907 674 972 lrac
696 904 736 973 de
770 923 805 972 re
834 923 891 972 nos
914 906 995 973 scire
1019 905 1149 972 voluit»
1177 914 1236 973 etc.
1261 943 1304 953 -

78 1011 159 1094 Quis,
184 1011 289 1079 Deum
313 1011 535 1091 immortalem,
570 1011 744 1079 istiusmodi
768 1011 1056 1098 argumentationes
1086 1011 1305 1098 frigidissimas

77 1135 134 1183 non
159 1117 311 1184 irrisione
334 1117 440 1203 potius
461 1117 607 1204 excipiat,
631 1135 726 1204 quam
743 1117 945 1203 responsione
961 1116 1134 1204 dignetur?
1150 1117 1305 1187 Hactenus

78 1222 139 1290 lere
163 1223 334 1290 collectum
359 1230 424 1291 est:
448 1223 530 1290 Nibil
560 1223 598 1291 de
632 1223 817 1310 purgatorio
850 1223 1012 1303 scribitur,
1047 1241 1122 1310 ergo
1153 1242 1215 1290 non
1247 1232 1303 1291 est.

77 1331 162 1396 Nunc
188 1349 268 1398 vero
297 1329 367 1398 talis
400 1328 542 1397 collectio
564 1329 684 1415 prodit:
708 1330 791 1397 Nihil
814 1330 891 1398 certi
919 1329 958 1396 de
980 1330 1165 1415 purgatorio
1185 1330 1304 1410 scitur;

77 1455 150 1522 ergo
173 1455 240 1504 non
264 1444 321 1505 est.
346 1437 432 1522 Quae
466 1435 622 1523 posterior
653 1444 738 1504 certe
773 1436 864 1516 ratio,
887 1435 912 1502 si
937 1435 1013 1521 quid
1045 1436 1174 1515 valeret,
1197 1435 1305 1503 eadem

78 1541 168 1608 simul
193 1559 294 1628 opera
316 1543 502 1629 negabimus
524 1539 615 1626 (113)
638 1548 734 1628 atque
769 1542 915 1610 tollemus
944 1547 976 1609 et
999 1541 1101 1608 coelos
1124 1547 1155 1608 et
1178 1540 1306 1622 inleros,

78 1665 110 1714 ac
134 1667 201 1716 una
225 1666 299 1716 cum
324 1649 491 1735 Aristippo,
514 1648 649 1734 Epicuro
679 1654 711 1714 et
742 1648 887 1715 Lucretio
922 1665 1033 1714 ranam
1066 1664 1134 1714 esse
1167 1645 1306 1714 fabulam

79 1753 257 1834 credemus,
281 1754 433 1840 quicquid
454 1753 493 1822 de
518 1754 664 1821 manibus
686 1759 846 1833 narratur,
871 1753 1008 1820 maxime
1032 1753 1158 1839 quando
1182 1756 1231 1838 (ut
1256 1753 1307 1821 hic

79 1859 194 1944 dicitis)
220 1868 323 1927 status
346 1861 497 1941 omnium,
520 1861 574 1946 qui
606 1861 687 1927 mole
722 1860 825 1927 carnis
855 1859 944 1927 exuti
974 1866 1058 1938 sunt,
1081 1878 1100 1926 a
1124 1860 1210 1945 regio
1234 1878 1306 1945 pro

81 1966 173 2049 pheta
198 1966 359 2033 silentium
383 1967 560 2052 appellatur
593 1973 723 2052 pmpter
759 1965 1022 2044 incertitudinem,
1047 1983 1143 2052 quam
1176 1966 1215 2032 de
1239 1965 1307 2050 ipso

81 2071 245 2139 babemus.
270 2071 352 2156 Quin
376 2089 448 2140 cum
473 2071 637 2158 insipiente
659 2073 719 2139 iam
743 2071 776 2137 in
800 2071 894 2138 corde
917 2077 1026 2138 nostro
1048 2071 1207 2138 dicemus:
1235 2070 1307 2137 Non
1326 2090 1476 2143 remisi.

80 2187 123 2244 eet
150 2179 252 2258 ceos,
280 2179 429 2264 quoniam
461 2179 526 2263 ipse
558 2177 711 2264 propbeta
744 2176 873 2244 eandem
904 2177 946 2244 ob
968 2194 1094 2244 causam
1130 2177 1182 2256 ait,
1207 2176 1308 2244 Deum

82 2285 224 2366 posuisse
248 2283 400 2350 tenebras
433 2283 610 2351 latibulum
639 2302 751 2349 suurn.
777 2283 859 2366 Quis
890 2283 975 2349 enim
1001 2285 1150 2370 cognouit
1173 2302 1308 2350 sensum
1335 2303 1414 2400 ⁹¹⁸¹&
1429 2302 1463 2356 n,

82 2389 222 2468 emortui,
247 2397 309 2456 aret
331 2389 407 2478 quis
429 2389 645 2456 consiliarius
660 2389 732 2454 eius
747 2387 839 2474 soil?
854 2389 978 2474 aliaque
994 2387 1024 2454 id
1046 2406 1146 2474 genus
1170 2388 1306 2475 plurima
1326 2387 1478 2462 nomicos.

82 2495 197 2578 passim
230 2495 391 2582 leguntur,
413 2513 508 2581 quarn
540 2513 653 2580 parum
677 2494 754 2562 certi
778 2493 817 2561 de
840 2495 905 2561 lieo
936 2511 1169 2580 cognoscamus.
1197 2530 1238 2544 -
1264 2494 1308 2561 En

83 2601 148 2680 tibi,
173 2602 226 2688 pie
249 2600 358 2682 lector,
380 2601 491 2687 quales
511 2608 609 2688 agunt
632 2601 805 2686 theologos
829 2600 878 2667 isti
895 2601 993 2667 nostri
1015 2600 1237 2686 magisterculi,
1253 2599 1308 2686 qui

84 2716 290 2794 posteaquam
314 2707 404 2788 duos,
427 2717 493 2775 tres
522 2713 577 2775 aut
607 2715 744 2794 quatuor
777 2725 875 2774 annos
899 2707 929 2774 in
961 2707 1123 2774 Academia
1149 2708 1309 2793 quapiam,

84 2815 129 2880 iel
161 2815 194 2880 in
229 2813 294 2880 otio
316 2822 348 2881 et
371 2813 529 2898 voluptate
553 2821 713 2898 palernam
738 2813 942 2880 substantiam
972 2813 1228 2899 absumpserunt,
1260 2812 1309 2880 rel

83 2919 189 2986 studio
210 2927 244 2987 el
268 2919 397 2987 lectione
421 2920 578 2987 seculares
602 2920 707 2986 literas
742 2925 929 2998 tractarunt,
958 2918 1075 2986 reversi
1103 2917 1142 2984 ad
1165 2919 1310 3005 patriam,

84 3043 122 3092 ne
147 3025 226 3092 nibil
249 3023 409 3093 didicissse
433 3024 608 3104 videantur,
631 3043 706 3091 mox
730 3042 763 3091 se
787 3025 868 3092 scire
885 3029 1031 3110 putantes
1046 3042 1128 3109 qnae
1149 3043 1310 3111 {uunquam

83 3129 232 3211 didicere,
256 3138 289 3198 et
313 3131 457 3217 protinus
479 3131 511 3198 in
534 3138 717 3216 suggestum
741 3131 941 3197 convolantes
956 3131 1040 3215 apud
1056 3131 1229 3216 simplicem
1246 3132 1312 3216 ple·

84 3237 229 3305 betulam
253 3236 293 3304 dc
318 3237 415 3305 rebus
436 3237 534 3304 sacris
556 3245 705 3323 unquam
728 3255 769 3304 ex
794 3236 915 3322 tripode
940 3237 1154 3322 pronuntiant.
1173 3237 1206 3303 lli
1225 3243 1311 3318 sumt,

84 3345 202 3428 quibus
225 3343 324 3410 nostri
349 3343 445 3412 seculi
468 3344 658 3411 calamitates
680 3345 764 3426 (mea
786 3343 913 3429 quidem
929 3343 1088 3428 opinione)
1104 3362 1166 3409 non
1183 3343 1312 3410 minima

84 3469 124 3516 ex
150 3456 240 3536 parte
264 3447 424 3516 debemus.
459 3449 565 3535 Neque
600 3467 675 3516 vero
706 3450 783 3515 baec
812 3449 904 3516 velim
938 3448 1047 3533 accipi,
1071 3449 1161 3533 quasi
1189 3457 1312 3516 certum
1441 3527 1444 3534 Ι

86 3557 224 3636 nonsit,
256 3555 305 3622 vel
331 3555 464 3636 coelum,
487 3556 536 3623 rel
559 3563 725 3635 tartarum,
750 3555 797 3622 rel
822 3555 1039 3640 purgatorium
1063 3571 1142 3633 esse,
1171 3553 1247 3640 quin
1276 3561 1313 3621 ut

87 3661 148 3742 illa,
172 3661 216 3729 ita
241 3662 300 3728 boo
324 3679 392 3729 esse
415 3661 476 3729 lide
500 3670 653 3741 tenemus
676 3679 739 3746 qua
762 3661 840 3727 nibil
864 3661 992 3728 certius.
1010 3659 1069 3727 sed
1085 3659 1115 3726 id
1132 3661 1312 3746 agebamus,

86 3785 121 3832 ea
145 3767 268 3835 ratione
292 3785 349 3852 per
373 3785 428 3835 ros
450 3767 593 3846 adducta,
617 3785 698 3853 quae
721 3767 910 3853 generaliter
925 3766 963 3833 de
986 3773 1069 3833 statu
1090 3766 1241 3845 omnium,
1257 3765 1313 3851 qui

86 3875 190 3942 carnis
214 3874 296 3941 mole
320 3873 409 3942 exuli
433 3883 517 3953 sunl,
542 3873 740 3959 loquebatur,
764 3892 825 3940 non
850 3874 955 3940 minus
978 3873 1044 3939 tolli
1064 3872 1186 3939 coelum
1202 3880 1233 3939 et
1251 3877 1314 3939 lar·

88 3987 202 4058 tarum,
226 3980 252 4047 si
277 3979 354 4066 quid
378 3979 506 4059 valeret,
528 3997 623 4064 quam
647 3979 876 4065 purgatorium.
909 3979 970 4045 Etsi
1006 3977 1089 4045 enim
1114 3977 1233 4044 nullius
1257 3979 1314 4045 llo·

88 4103 171 4165 rum,
194 4085 277 4153 sicut
301 4103 403 4172 neque
419 4085 472 4152 Dei
498 4085 620 4170 plenam
645 4093 817 4152 etcertum
842 4103 899 4170 per
922 4085 1027 4151 omnia
1050 4084 1256 4170 cognitionem
1282 4083 1314 4151 in

89 4191 182 4258 terris
207 4191 372 4270 hammus,
396 4199 499 4259 tamen
529 4191 691 4276 quodlibet
726 4192 851 4259 illorum
883 4209 950 4258 esse
987 4199 1141 4270 tenemus,
1177 4199 1315 4276 atquee

88 4299 256 4384 scriptura,
281 4305 439 4384 quatenus
462 4297 551 4366 nobis
574 4297 699 4378 sullicil,
726 4297 951 4383 cognoscimus.

161 4527 170 4560 ¹
190 4531 275 4597 Supra
295 4529 338 4582 63.
358 4530 400 4584 tv.
