3390 5096
520 361 650 410 rannus
674 362 880 411 concerssus.
923 384 928 395 ·
1252 346 1313 409 157

76 484 204 553 dendae
231 503 285 571 per
307 485 502 564 afflictiones,
527 484 722 553 incommoda
743 493 775 554 et
799 486 967 566 molestias,
993 493 1137 571 peccator
1153 486 1314 552 communi

76 590 213 675 quidem
238 593 305 678 iege
330 599 398 678 post
422 591 546 676 cuipam
563 591 602 658 de
627 591 840 659 misericordia
864 592 1068 660 condonatam
1084 599 1180 678 atque
1203 593 1315 660 remis·

76 714 143 762 sam
168 697 280 766 adbuc
302 697 498 764 obstrictus¹
523 697 675 782 remanet)
707 715 855 783 prorsum
893 699 1021 766 reiicitis
1052 705 1083 766 et
1116 698 1313 766 detestamini

75 798 184 885 (123),
212 821 275 870 non
299 821 468 889 possumus
492 803 604 882 tacere,
627 804 705 889 quin
740 821 808 870 earn
843 821 971 889 quoque
1006 823 1066 871 non
1100 811 1161 870 tam
1187 823 1244 890 pro
1268 806 1313 874 rei

75 909 219 976 utilitate
242 927 279 976 ac
302 909 480 995 argumenti
505 909 604 994 copia,
628 927 723 995 quam
747 929 806 995 pro
830 911 980 996 temporis
1003 911 1147 996 angustia
1171 917 1202 977 et
1226 911 1313 978 insti-

76 1016 136 1080 tuti
176 1015 302 1082 ratione
336 1015 374 1083 de
411 1015 586 1082 innumeris
627 1034 725 1101 prope
761 1016 946 1084 testimoniis
979 1015 1102 1084 divinae
1137 1017 1314 1102 scripturae

74 1138 176 1204 quarn
205 1121 402 1206 paucissimis
426 1121 517 1188 iuxta
543 1138 580 1189 ac
603 1121 785 1188 clarissimis
817 1122 1020 1201 vindicemus,
1045 1123 1194 1201 maxime,
1218 1122 1313 1209 qnod,

75 1227 120 1292 uti
147 1227 215 1294 sub
238 1227 386 1313 proximo
408 1226 590 1295 dicebamus
613 1227 747 1295 articulo
760 1228 783 1307 ¹,
808 1227 891 1295 basis
921 1236 969 1297 est
1003 1247 1039 1297 ac
1074 1229 1312 1297 tundamentum

73 1333 271 1418 purgatorii,
295 1351 391 1402 curae
414 1340 614 1400 mortuorum
651 1341 682 1400 et
713 1334 990 1420 induigentiarum.
1015 1335 1054 1402 Ut
1077 1336 1173 1420 igitur
1197 1353 1310 1402 nomen

74 1440 136 1506 boc
163 1441 196 1507 in
222 1441 321 1508 sacris
344 1441 444 1508 iiteris
467 1457 623 1526 nusquam
648 1440 827 1508 inveniatur
852 1442 911 1508 boc
926 1449 1012 1508 certe
1036 1459 1141 1520 senso,
1159 1449 1191 1509 et
1213 1459 1314 1527 quan·

74 1546 227 1614 tumiibet
250 1565 345 1614 aures
369 1553 491 1615 vestrae
513 1546 554 1613 ab
578 1546 637 1614 boc
661 1547 786 1614 nomine
809 1549 1011 1627 abhorreant,
1030 1567 1096 1616 rem
1113 1555 1214 1615 tamen
1232 1565 1313 1627 eam,

74 1671 176 1736 quam
202 1653 295 1720 modo
319 1653 495 1738 periphrasi
530 1653 666 1739 quadam
701 1654 1042 1740 circumloquebamur,
1075 1654 1137 1722 iilic
1160 1654 1313 1722 contineri

75 1758 249 1826 indubium
274 1767 322 1826 est
338 1760 363 1825 *.
387 1758 494 1826 Nonne
519 1761 567 1826 vel
592 1760 680 1828 locus
704 1760 754 1827 bic
778 1778 862 1827 unus
885 1761 1039 1828 evicerit?
1062 1762 1191 1828 ioannes
1217 1761 1313 1840 enim,

75 1865 128 1930 iile
149 1863 273 1932 domini
299 1882 487 1950 praecursor
511 1872 543 1933 et
567 1865 712 1950 Baptista,
737 1865 767 1932 in
792 1866 917 1934 deserto
941 1867 1130 1952 baptismum
1152 1866 1313 1953 poeniten-
1336 1877 1482 1976 ψῃ·

74 1970 137 2036 tiae
164 1971 201 2037 in
224 1977 425 2056 peccatorum
450 1971 664 2039 remissionem
698 1972 890 2057 praedicans,
915 1972 976 2040 iiiis
1006 1973 1061 2057 qui
1087 1972 1252 2040 veniebant
1273 1973 1312 2040 ad
1395 1963 1401 1974 ’
1430 1961 1437 1984 ’
1467 1961 1474 1976 '

75 2076 198 2162 ipsum,
222 2085 258 2144 ut
282 2077 313 2142 in
339 2077 469 2144 iordane
499 2078 736 2162 baptizarentur
771 2079 857 2145 uitro
887 2079 1072 2146 confitentes
1095 2086 1221 2164 peccata
1244 2097 1312 2158 sua,

76 2191 186 2250 tamen
210 2189 281 2268 post
303 2183 528 2252 contessionem
553 2184 688 2269 iniungit
707 2185 947 2252 satisfactionem
964 2185 1088 2252 dicens:
1106 2185 1219 2252 Facite
1234 2203 1312 2272 erpo

77 2287 220 2372 fructus
241 2289 360 2376 dipaoe
379 2289 605 2375 poenitendae.
629 2290 685 2357 Cui
710 2291 811 2358 simite
834 2297 882 2358 est
906 2290 994 2370 iliud,
1018 2288 1103 2376 quod
1126 2291 1241 2358 Paulus
1271 2289 1310 2358 ad

79 2413 189 2482 regem
214 2395 381 2481 agrippam
405 2395 486 2463 inter
509 2395 569 2462 alia
594 2397 700 2475 refert,
736 2414 769 2464 se
803 2396 949 2482 gentibus
979 2397 1182 2464 annuntiasse
1210 2397 1311 2464 iesum

80 2501 259 2582 Cbristum,
284 2508 320 2568 ut
343 2501 565 2587 poenitentiam
587 2509 717 2588 agerent
739 2509 771 2569 et
793 2509 1055 2569 converterentur
1079 2501 1118 2568 ad
1142 2503 1241 2570 Deum
1265 2501 1311 2570 dt-

80 2627 143 2693 gna
171 2607 378 2693 poenitentiae
402 2625 499 2693 opera
519 2608 675 2675 iacientes.
700 2607 859 2676 auditisne
882 2608 1090 2693 poenitentiae
1106 2607 1230 2675 tructus
1246 2607 1311 2675 sive

80 2732 181 2799 opera
196 2720 228 2782 et
243 2713 371 2800 quidem
386 2714 489 2800 digna,
506 2714 571 2782 sive
587 2731 668 2800 quae
684 2714 814 2782 deceant
832 2714 1073 2799 resipiscentes?
1089 2715 1124 2782 xt
1140 2733 1221 2800 quae
1238 2721 1312 2782 sunt

82 2820 293 2904 poenitentiae
316 2825 436 2905 operat
459 2820 624 2900 Nimirum,
647 2837 729 2906 quae
753 2838 811 2906 pro
846 2829 1046 2905 peccatorum
1081 2820 1312 2907 expurgatione

80 2925 310 3012 suscipiuntur.
335 2927 372 2992 ttt
394 2943 475 3012 quae
499 2933 574 2993 sunt
596 2926 702 3012 diqno
725 2926 932 3012 poenitentiae
955 2933 1073 3012 operat
1097 2926 1237 2994 Proiecto
1266 2925 1312 2994 uti

81 3039 266 3101 sanctorum
290 3040 415 3117 patrum
439 3032 635 3118 expositione
658 3031 835 3112 didicimus,
859 3051 941 3117 quae
966 3035 1008 3099 ita
1024 3033 1252 3118 suscipiuntur,
1277 3038 1313 3100 ut

80 3139 248 3224 quantitati
273 3139 385 3224 culpae
409 3155 526 3224 poenae
549 3138 655 3206 itidem
691 3139 850 3224 quantitas
885 3139 1081 3223 respondeat,
1112 3146 1144 3207 et
1167 3139 1313 3225 graviora

81 3251 210 3330 peccata
233 3243 433 3330 gravioribus
458 3245 621 3312 tormentis
643 3245 825 3330 expientur,
849 3244 940 3312 iuxta
955 3244 1049 3312 illud:
1070 3246 1137 3312 Pro
1153 3263 1315 3312 mensuro
1333 3255 1397 3302 neue
1411 3255 1481 3310 Μ

78 3351 208 3434 peceati
239 3350 304 3416 crit
333 3357 363 3415 et
392 3349 578 3438 pioqorem
612 3351 741 3417 modos.
777 3351 811 3416 ut
847 3368 977 3418 rursum
1012 3350 1185 3418 secundum
1214 3349 1312 3417 iliud:

82 3457 256 3540 thontrcm
278 3455 480 3543 piorificovit
501 3475 536 3522 ee
557 3465 588 3522 ct
611 3457 646 3523 io
669 3455 795 3524 deliciis
817 3454 896 3541 scit,
922 3465 1052 3522 tontum
1075 3457 1152 3524 dote
1174 3457 1224 3523 iili
1247 3465 1314 3522 tor·
1337 3469 1404 3525 troc·
1416 3467 1450 3521 ¹8.
1461 3469 1482 3513 ⁷·

82 3572 238 3630 arentum.
256 3562 343 3629 Unde
362 3561 507 3630 Christus
530 3562 613 3648 apud
629 3563 819 3630 blattbaeum
840 3563 989 3642 indicans,
1006 3562 1124 3647 peccati
1139 3563 1313 3630 delectatio

81 3687 153 3738 nem
177 3669 346 3736 afflictione
370 3669 515 3755 snppttoti
539 3669 727 3754 pensandam
748 3687 827 3747 esse,
843 3689 907 3756 quo
931 3669 998 3736 loco
1014 3668 1193 3736 civitatibus
1209 3669 1264 3747 eis,
1281 3669 1312 3735 in
1440 3749 1446 3762 Ι

80 3775 199 3862 quibos
215 3775 368 3862 plurimas
390 3775 537 3843 edidisset
552 3775 686 3842 virtutes
701 3776 875 3860 exprobrat
896 3775 1171 3861 impoenitentiam,
1189 3782 1312 3860 praeter

81 3882 141 3948 aiia
165 3881 259 3948 dicit:
277 3879 315 3948 st
334 3881 370 3947 in
394 3881 480 3970 Tyro
496 3889 525 3946 et
542 3881 661 3948 Sidone
675 3877 787 3966 soctoc
809 3890 912 3947 essent
935 3882 1084 3960 uirtutes,
1101 3879 1313 3970 quaefactae
1340 3893 1415 3992 unuh.
1430 3895 1464 3948 tt.

80 3995 160 4054 aunt
184 3987 221 4052 in
245 3986 347 4064 codd,
370 3986 447 4054 oiim
473 3987 508 4053 io
530 3987 638 4054 cilicio
661 3996 689 4053 et
712 3987 821 4054 cincre
841 3987 1075 4072 poententiam
1098 3987 1246 4074 epissertt.
1414 3978 1420 3992 '

144 4121 155 4140 ⁰
176 4118 322 4166 «indubium
338 4129 398 4167 eet»
418 4119 492 4166 deest.

154 4359 271 4415 ¹Eocd.
290 4360 311 4412 u
330 4359 382 4413 ti:
402 4359 465 4414 Post
489 4358 633 4414 rembsom
660 4363 741 4429 otqne
768 4359 949 4416 condonatum
977 4357 1086 4428 cuipam
1114 4363 1206 4414 acciret
1232 4362 1312 4412 bomo

81 4463 186 4520 poem
205 4447 351 4518 temporati
366 4447 521 4504 obstrictos.

155 4535 166 4568 ¹
185 4539 271 4604 Supra
295 4537 353 4592 150.
