3364 5092
362 229 404 296 bt
678 247 874 296 coururauo
898 243 1128 295 crirnaoauisur
1154 247 1268 295 nautea.

360 373 492 440 iniustos
509 375 530 438 ¹.
555 373 630 438 Nam
654 381 749 440 errant
774 373 848 438 vitia
872 378 922 454 (ut
944 381 991 440 est
1014 371 1045 438 in
1070 371 1250 456 proverbio)
1265 371 1364 438 donec
1388 371 1550 449 homines,
1567 376 1604 436 et

358 479 400 546 ita
424 478 561 564 quidem,
587 485 622 545 ut
645 497 770 565 semper
802 497 875 563 pars
904 478 1042 546 deterior
1073 479 1233 545 meliorem
1265 477 1379 558 vincat,
1410 477 1508 563 idque
1545 477 1602 543 his

210 595 334 644 uacuas
357 585 510 652 extremis
533 585 670 652 maxime
694 585 900 672 temporibus,
924 584 1041 670 quibus
1064 584 1209 650 lutrinum
1241 583 1387 652 Christus
1418 583 1600 669 praedixit,

357 699 393 757 ut
416 691 590 758 abundaret
615 691 773 777 iniquitas,
797 699 828 758 ct
845 691 1062 776 refrigesceret
1085 691 1224 757 charitas
1241 692 1424 757 multorum.
1442 693 1479 756 tt
1503 697 1601 775 post·
1656 741 1657 744 ,

357 815 490 883 eaquam
517 797 651 864 Ecclesia
682 798 813 864 devictis
847 797 884 864 ad
917 798 1045 882 plenum
1077 797 1232 882 hostibus,
1261 797 1397 876 diabolo,
1428 814 1526 863 carne
1564 803 1600 864 et

359 902 486 984 mundo,
510 903 709 988 triumphare
732 905 881 988 coeperit,
907 911 972 969 tum
998 903 1154 969 iustorum
1177 901 1218 968 ab
1242 903 1366 970 iniustis
1389 903 1599 988 separatione

359 1008 439 1074 iacta
469 1009 641 1078 secundum
674 1009 797 1076 easdem
831 1008 994 1093 parabolas
1026 1008 1224 1093 Euangelicas
1254 1009 1380 1100 demum
1416 1008 1597 1093 complebi-

247 1128 334 1187 ssni·⁵.
360 1121 413 1182 tur
437 1114 513 1194 illud
538 1115 624 1201 qood
655 1115 695 1181 ab
718 1116 863 1199 apostolo
893 1113 932 1180 de
962 1115 1094 1181 Ecclesia
1127 1115 1179 1180 Dei
1212 1115 1447 1199 scriptumest,
1480 1123 1518 1180 ut
1552 1115 1598 1181 sit

359 1221 494 1307 gloriosa
518 1219 653 1288 Ecclesia
677 1239 737 1288 non
771 1221 889 1288 habens
920 1222 1073 1287 maculam
1102 1229 1157 1286 aut
1188 1238 1299 1306 rugam
1328 1231 1384 1287 aut
1415 1221 1594 1307 quicquam

358 1326 522 1406 eiusmodi,
547 1329 600 1394 sed
628 1328 756 1394 omuino
779 1335 886 1394 sancta
916 1333 947 1393 et
971 1326 1170 1393 immaculata
1201 1343 1256 1393 seu
1289 1315 1594 1412 irreprehensibilis.

236 1449 299 1494 ont.
313 1448 334 1494 ⁶.
358 1435 557 1518 Quapropter
581 1433 715 1500 Ecclesia
738 1433 852 1500 Christi
869 1449 984 1518 sponsa
1009 1433 1038 1498 in
1055 1432 1227 1499 salomonis
1247 1431 1461 1518 Epithalamio‚
1486 1450 1594 1518 quan·

358 1520 453 1623 quam
478 1539 611 1624 pulchra
634 1537 761 1618 dicitur,
787 1547 820 1606 ul
853 1539 910 1614 sol,
933 1555 1115 1625 quartanam
1139 1540 1238 1606 electa
1268 1545 1303 1606 ut
1333 1539 1418 1616 luna,
1452 1537 1594 1622 pulchra

358 1643 484 1729 quidem
516 1652 551 1711 ut
582 1645 627 1711 sol
656 1645 783 1724 dicitur,
807 1653 960 1732 quantum
991 1645 1030 1711 ad
1064 1645 1228 1712 Ecclesiam
1261 1645 1522 1729 triumphantem,
1557 1645 1592 1710 in

357 1769 421 1835 qua
446 1767 501 1817 nec
525 1769 605 1837 ruga
628 1769 685 1820 nec
716 1752 838 1819 macida
868 1759 1010 1837 apparet,
1042 1758 1151 1836 utpote
1182 1750 1257 1818 solis
1287 1751 1377 1818 bonis
1404 1759 1591 1828 constante;

357 1858 456 1924 electa
480 1876 555 1924 vero
577 1858 693 1924 dicitur
717 1867 753 1924 ot
776 1859 861 1938 luna,
884 1867 1037 1944 quantum
1062 1856 1099 1924 ad
1124 1857 1291 1925 Ecclesiam
1320 1858 1515 1936 militantem,
1541 1859 1592 1924 ni-

358 1963 474 2030 mirum
491 1965 531 2031 ob
548 1964 588 2042 id,
613 1965 695 2050 quod
713 1965 804 2032 sicuti
831 1966 904 2031 luna
922 1965 1086 2042 maculam,
1102 1965 1145 2030 ita
1169 1965 1245 2030 haec
1263 1965 1360 2030 malos
1383 1963 1485 2031 adhuc
1502 1965 1592 2030 iutra

358 2087 391 2137 se
414 2071 580 2138 contineat.
606 2070 831 2138 Verumtamen
854 2079 886 2138 et
917 2072 1036 2138 interea
1060 2071 1226 2138 Ecclesiam
1251 2071 1331 2137 hane
1363 2077 1502 2137 nostram
1537 2070 1591 2137 rel

359 2176 542 2243 militantem
567 2177 670 2244 adhuc
693 2185 724 2244 et
746 2177 921 2263 quamlibet
937 2178 1053 2243 multos
1076 2176 1159 2243 intra
1182 2195 1216 2244 se
1232 2184 1411 2262 peccatores
1427 2176 1591 2242 continen-

359 2287 432 2362 tem,
456 2283 626 2350 asserimus
650 2289 745 2349 totam
769 2283 1001 2369 quadamtenus
1023 2301 1091 2350 esse
1107 2293 1256 2362 sanctam,
1282 2284 1447 2367 pulchram
1472 2289 1505 2348 et
1529 2283 1592 2348 im-

286 2465 288 2470 ,
359 2391 556 2468 maculatam,
583 2398 648 2456 tum
673 2390 757 2475 quod
783 2390 812 2456 in
837 2389 961 2455 Christo
978 2390 1106 2456 lundata
1129 2391 1261 2476 eiusque
1277 2389 1487 2456 sacratissimo
1503 2390 1589 2474 patri

358 2496 574 2562 corumeudata
597 2503 628 2563 et
652 2515 670 2562 a
694 2497 806 2582 spiritu
831 2505 938 2563 sancto
962 2497 993 2562 in
1017 2496 1164 2563 omnibus
1188 2497 1246 2562 viis
1268 2496 1335 2562 suis
1357 2495 1486 2574 directa,
1511 2513 1590 2563 aera

358 2611 562 2682 sacramenta,
588 2620 693 2669 veram
718 2601 822 2681 fidem,
848 2621 957 2670 verum
995 2603 1047 2670 bet
1084 2603 1216 2682 cultam,
1253 2597 1434 2698 religionem
1467 2621 1589 2678 reram,

360 2729 464 2778 veram
489 2709 624 2795 denique
648 2709 883 2776 sanctimoniam
908 2709 974 2776 sola
997 2710 1143 2788 continet,
1169 2709 1211 2775 ita
1234 2718 1271 2776 ut
1286 2716 1379 2775 extra
1404 2710 1484 2775 lianc
1507 2709 1589 2776 nihil

359 2826 513 2896 sanetum,
539 2816 614 2883 riiltil
641 2817 705 2883 Deo
728 2823 864 2900 gratum,
882 2815 958 2882 nihil
976 2825 1138 2900 acceptum
1163 2816 1220 2894 sit;
1239 2823 1305 2882 tum
1322 2815 1417 2900 quod,
1433 2815 1490 2882 etsi
1508 2834 1591 2883 sem

360 2942 417 3010 per
442 2925 549 3008 plures
567 2922 698 3008 quidem
724 2922 822 2988 malos
852 2940 947 3008 quam
983 2923 1081 2989 bonos
1116 2922 1198 2989 intra
1232 2939 1266 2990 se
1301 2923 1428 3001 claudit,
1463 2922 1590 2989 dicente

210 3037 335 3084 lietb-²⁰·
360 3030 495 3108 Christo,
521 3031 636 3096 multos
658 3047 727 3096 esse
751 3036 876 3095 vocatos
907 3036 939 3095 at
963 3047 1079 3114 paucos
1109 3031 1234 3108 electos,
1266 3029 1354 3096 nullo
1385 3036 1490 3095 umen
1523 3047 1589 3095 non

234 3092 304 3138 Μ’
361 3143 501 3222 tempure
524 3135 729 3221 quantumvis
752 3135 905 3220 flagitioso
921 3135 1041 3221 aliquot
1064 3135 1172 3204 saltem
1191 3136 1220 3201 in
1246 3153 1279 3203 se
1303 3135 1398 3203 habet
1414 3135 1499 3202 ciros
1515 3153 1589 3202 san-

359 3243 676 3322 chamaemelos
707 3251 737 3308 et
768 3241 851 3308 omni
883 3243 1038 3309 virtutum
1074 3260 1188 3328 genere
1219 3242 1415 3327 conspicuos,
1446 3259 1588 3327 quorum

429 3545 438 3576 ¹
459 3547 531 3600 Mon.
550 3559 572 3598 c.
594 3545 608 3598 l
629 3546 651 3598 u
672 3542 722 3596 bb:
742 3543 848 3598 Constat
867 3545 1007 3622 Ecclesiam
1027 3545 1120 3598 Christi
1139 3547 1246 3598 alteram
1272 3559 1330 3599 esse
1357 3523 1527 3610 incitamen,
1552 3548 1590 3600 al·

358 3641 439 3688 terem
460 3633 688 3703 triumphantem:
709 3636 773 3686 heco
792 3635 862 3687 solos
881 3632 959 3688 ltabet
971 3635 1016 3702 qui
1037 3635 1132 3688 innoxii
1145 3641 1206 3688 suut
1218 3635 1345 3688 haeredes
1359 3635 1413 3698 bet,
1424 3635 1590 3689 cohaeredes

358 3723 451 3778 Christi
470 3723 591 3790 adeoque
611 3722 804 3787 praedestinati,
824 3725 873 3775 boc
892 3728 931 3774 est
949 3724 1060 3776 assecuti
1080 3723 1152 3791 quod
1166 3731 1271 3776 aeterna
1292 3723 1335 3776 Dei
1350 3723 1589 3790 praedestinatione

358 3811 515 3877 dispositum
536 3818 588 3863 cst:
607 3819 678 3863 extra
699 3814 764 3863 harro
784 3825 835 3864 nou
849 3811 929 3863 modo
949 3813 1080 3876 baeretici,
1098 3813 1185 3865 sedet
1204 3813 1263 3866 mali
1277 3814 1426 3878 relegentur
1438 3811 1588 3878 Christiani,

359 3905 448 3966 utpote
467 3913 545 3952 canes
563 3901 702 3964 immundi,
716 3899 835 3962 adulteri,
855 3907 1019 3964 scortatores,
1038 3907 1064 3953 ct
1082 3901 1108 3953 ici
1129 3903 1232 3966 gerionis
1251 3901 1413 3968 aliquibus
1435 3902 1510 3966 regni
1531 3917 1589 3956 coe·

358 3989 429 4043 lestis
448 3988 579 4054 possessio
606 3989 761 4052 denegatur.
791 3990 831 4042 tlla
860 3989 1009 4054 permixtim
1037 3990 1148 4042 sustinet
1176 3991 1258 4044 malos
1276 3989 1361 4053 bonis,
1380 3990 1443 4043 Cain
1462 3997 1488 4044 et
1511 3991 1588 4056 Abel,

358 4075 440 4130 Citam
460 4084 485 4130 et
505 4079 601 4142 taphet,
615 4077 704 4128 ludam
718 4083 743 4130 et
763 4079 876 4142 Petrum,
896 4079 1003 4130 Saulem
1023 4087 1048 4130 et
1068 4079 1187 4132 Patrium.
1205 4079 1332 4146 Quocirca
1352 4093 1405 4133 non
1426 4079 1518 4133 iniuria
1539 4095 1588 4146 per

359 4167 412 4218 No'e
430 4179 527 4228 arcam,
547 4179 593 4230 per
611 4179 736 4230 sagenam
757 4165 781 4217 in
800 4166 876 4218 litore
896 4166 984 4230 maris,
1004 4181 1051 4232 per
1070 4168 1212 4233 prudentes
1225 4174 1250 4220 ct
1269 4169 1380 4234 ignavas
1399 4168 1524 4234 virgines,
1539 4183 1587 4234 per

358 4237 453 4307 narem
475 4255 548 4317 Petri,
567 4268 614 4320 per
635 4267 706 4307 marc
725 4261 751 4307 et
769 4253 794 4306 id
815 4269 899 4318 genus
917 4255 969 4306 olla
991 4255 1110 4320 symbola
1130 4257 1283 4322 designatur
1303 4258 1412 4324 (Citatur
1431 4260 1456 4310 2.
1476 4257 1546 4310 Tim.
1562 4260 1587 4322 2,

359 4343 413 4409 ab).
432 4343 471 4396 Ct.
492 4343 554 4396 intra
584 4344 633 4396 96:
653 4343 742 4410 licque
770 4341 833 4395 Abel
854 4357 971 4410 unquam
992 4347 1095 4398 tuturus
1119 4355 1166 4410 est,
1185 4347 1231 4413 qui
1251 4346 1313 4400 Cain
1341 4361 1392 4400 uon
1412 4347 1533 4401 sustinet.
1551 4375 1586 4388 -·

359 4433 418 4486 Aac.
438 4431 485 4484 et:
505 4432 618 4486 Ecclesia
639 4431 720 4486 bonos
739 4436 763 4487 ct
781 4431 870 4486 mulos
888 4431 925 4486 ud
941 4433 1024 4503 finem
1041 4449 1126 4504 usque
1145 4435 1270 4490 continet.
