3390 5096
356 283 418 348 168
669 297 866 349 coururnrro
889 297 1122 347 curbaranum
1144 297 1261 346 nnurcr.

352 425 473 492 lurtum
497 424 545 491 vel
571 423 792 490 latrociniuml
817 461 859 472 -
884 423 1000 490 Deinde
1022 422 1101 489 mibi
1123 423 1228 502 dicite,
1248 441 1315 502 oro,
1332 441 1437 490 nonne
1461 421 1598 490 lurtum

353 549 445 599 omne
468 531 550 609 dolo,
576 531 773 597 latrocinium
807 549 883 597 vero
913 547 1007 596 omne
1042 529 1070 595 vi
1103 529 1336 596 committitur?
1360 532 1396 594 ll
1419 529 1507 597 nulla
1534 529 1598 596 bic

352 655 420 706 esse
444 644 544 723 potest
567 636 628 703 doli
653 637 800 723 suspicio,
825 635 951 722 quaudo
974 636 1161 703 sanctissimi
1186 635 1245 702 viri
1279 653 1315 702 ac
1347 635 1492 702 bomines
1529 636 1596 702 Dei

352 744 527 822 clarissimi,
552 753 587 810 ut
611 742 803 821 umbrosius
828 743 1044 828 Hieronymus
1069 741 1233 822 Eusebius,
1256 741 1441 810 Benedictus
1465 741 1597 827 aliique

353 850 532 935 complures
554 867 596 916 ex
621 851 679 916 bac
705 851 773 917 luce
797 848 962 934 migraturi
987 849 1047 916 sub
1071 867 1134 915 una
1156 849 1246 934 panis
1269 848 1371 933 specie
1394 849 1455 914 boc
1477 865 1598 914 sacra-

353 964 494 1023 mentum
518 957 675 1041 accepisse
699 956 858 1040 leguntur,
882 963 913 1022 et
936 954 1105 1040 quotannis
1128 955 1158 1020 in
1184 972 1274 1022 sacro
1303 952 1355 1020 die
1387 953 1596 1031 Parasceres,

353 1062 530 1129 sacerdotes
552 1063 583 1127 in
609 1080 672 1128 una
708 1069 828 1128 tantum
865 1061 967 1146 specie
1003 1060 1091 1146 panis
1125 1060 1353 1128 Eucharistiam
1381 1069 1525 1137 sumunt,
1559 1066 1598 1126 et

353 1168 492 1253 quotidie
516 1186 572 1252 per
597 1173 696 1233 tolum
721 1167 793 1233 anni
826 1165 981 1234 circulum
1014 1165 1202 1246 sacerdotes,
1225 1172 1281 1233 aul
1304 1184 1346 1233 ex
1369 1165 1596 1251 aegrotatione

353 1283 407 1342 aut
431 1275 492 1340 alia
514 1275 625 1360 quavis
648 1292 689 1340 ex
714 1291 809 1340 causa
833 1273 1046 1340 Eucharistiae
1069 1280 1301 1340 sacramentum
1325 1279 1418 1339 extra
1440 1269 1594 1338 officium

352 1381 465 1448 missae
488 1381 527 1447 de
550 1381 650 1447 aliena
675 1397 770 1446 manu
795 1386 966 1458 sumentes,
991 1397 1055 1446 una
1086 1379 1175 1464 panis
1209 1379 1313 1463 specie
1335 1377 1471 1444 contenti
1495 1383 1594 1454 sunt,

353 1486 617 1572 quemadmodum
652 1495 683 1552 et
714 1486 807 1552 modo
837 1485 1017 1552 annuimus.
1052 1485 1159 1570 Neque
1183 1485 1233 1552 bic
1257 1484 1421 1551 violentiae
1445 1482 1597 1568 suspicio

353 1610 421 1659 esse
446 1600 557 1678 potest,
581 1593 707 1678 quando
731 1600 776 1660 tot
800 1593 957 1678 principes
980 1591 1198 1678 potentissimi,
1221 1591 1328 1671 duces,
1353 1609 1443 1676 reges
1468 1597 1501 1657 el
1524 1589 1596 1656 im-

355 1707 524 1784 peratores,
549 1700 686 1784 potentia
709 1700 842 1766 seculari
868 1699 1016 1766 universo
1040 1697 1222 1766 sacerdotali
1247 1698 1356 1764 ordine
1384 1697 1506 1763 inlinilo
1529 1715 1597 1764 su·

354 1806 503 1890 periuros,
529 1806 590 1872 iam
614 1823 632 1871 a
655 1813 700 1871 tnt
723 1806 837 1873 seculis
861 1824 925 1872 una
948 1806 1037 1891 panis
1058 1806 1163 1890 specie
1186 1805 1334 1884 contenti,
1351 1804 1411 1870 hoc
1432 1804 1596 1871 Eucbari·

354 1911 430 1978 stiae
454 1921 683 1979 sacramentum
709 1921 908 1998 acceperunt.

444 2017 540 2084 Porro
564 2017 630 2084 risu
655 2019 763 2104 magis,
787 2036 881 2103 quam
907 2036 1056 2103 responso
1079 2019 1208 2105 dignum
1232 2027 1289 2097 est,
1306 2019 1390 2105 quod
1409 2035 1472 2098 ros,
1493 2035 1595 2104 egre-

353 2123 393 2208 gii
419 2124 535 2190 scilicet
558 2124 717 2210 Tlreologi,
741 2143 759 2190 a
784 2123 892 2190 rnrrltis
915 2125 966 2190 bic
992 2125 1167 2210 ignorantia
1190 2133 1352 2211 peccatum
1376 2143 1444 2192 esse
1466 2125 1590 2204 dicitis,

354 2230 383 2295 in
410 2237 454 2296 tot
477 2231 561 2298 viros
586 2239 652 2296 tum
677 2231 863 2310 eruditione,
888 2239 954 2297 tum
978 2231 1182 2298 sanctimonia
1205 2232 1267 2298 iam
1289 2250 1309 2298 a
1331 2240 1418 2298 muto
1442 2239 1593 2317 tempore

354 2343 419 2402 toto
442 2337 472 2401 in
497 2337 574 2403 orbe
597 2337 828 2415 celeberrimos
853 2355 889 2403 uc
917 2339 1000 2404 omni
1036 2339 1108 2417 rita,
1132 2345 1221 2406 nocte
1248 2345 1343 2424 alque
1366 2337 1416 2404 die
1440 2333 1530 2418 (135)
1553 2337 1590 2404 in

353 2441 458 2509 divina
482 2443 548 2528 lege
572 2443 745 2521 meditatos,
770 2443 823 2528 qrrl
848 2462 866 2509 a
891 2444 998 2510 multis
1022 2445 1081 2510 iam
1106 2445 1221 2512 seculis
1243 2445 1328 2512 bunc
1353 2444 1589 2511 communionis

355 2549 505 2615 laicorum
530 2567 649 2615 morem
674 2550 734 2616 sub
757 2551 855 2616 altera
892 2555 1012 2616 tantum
1045 2553 1147 2636 specie
1179 2559 1246 2618 tum
1271 2550 1399 2636 scripto,
1424 2557 1491 2617 lum
1522 2567 1590 2617 usu

354 2655 612 2740 comprobarunt,
636 2673 774 2741 quorum
809 2674 848 2722 ne
879 2657 932 2723 uni
965 2657 1092 2742 quidem
1124 2658 1273 2725 universa
1303 2657 1454 2725 colluvies
1479 2667 1589 2725 restra

356 2762 401 2827 vel
428 2760 576 2826 matulam
601 2762 763 2847 porrigere
785 2763 880 2848 digna
902 2763 1033 2830 luerit1.
1059 2763 1140 2848 Quin
1164 2764 1189 2830 si
1213 2770 1269 2830 aut
1291 2763 1373 2842 dolo,
1389 2771 1445 2831 aut
1469 2764 1511 2842 ri,
1529 2772 1589 2830 aut

354 2869 529 2952 ignorantia
554 2868 693 2954 Episcopi
718 2877 749 2935 ol
772 2871 949 2936 sacerdotes
973 2870 1068 2937 laicos
1090 2871 1189 2937 altera
1211 2870 1257 2936 eis
1272 2869 1375 2955 specle
1391 2869 1496 2936 debita
1512 2887 1589 2955 spo

355 2973 492 3053 liassent
516 2991 588 3040 curn
614 2975 720 3060 aliquo
736 2993 846 3042 eorum
864 2976 1018 3061 spirituali
1036 2975 1235 3055 detrimento,
1252 2982 1308 3043 aul
1324 2976 1434 3042 salutis
1450 2977 1587 3056 iactura,

354 3097 468 3159 nonne,
492 3080 571 3147 citra
594 3099 681 3166 spem
704 3082 807 3148 omnis
830 3081 983 3148 commodi
1013 3082 1202 3167 temporalis
1226 3099 1294 3150 sese
1317 3081 1399 3148 filios
1422 3081 1588 3167 gehennae

354 3203 390 3253 ac
414 3195 584 3272 perpetuae
607 3187 814 3255 damnationis
838 3189 1035 3255 effecissent?
1058 3189 1135 3273 Quis
1159 3188 1188 3254 id
1213 3188 1330 3268 credat,
1354 3187 1481 3274 quaudo
1505 3206 1587 3255 non·

355 3291 432 3359 nulli
457 3311 567 3359 eorum
594 3295 754 3360 rrriraculis
785 3296 815 3360 in
851 3294 928 3360 orbe
962 3301 1139 3374 coruscant,
1164 3295 1218 3381 qui
1256 3295 1315 3361 boc
1341 3303 1407 3360 tum
1438 3293 1588 3361 docuisse

355 3405 421 3465 tum
447 3399 554 3466 secisse
580 3399 752 3485 leguntur?
775 3401 839 3466 Non
865 3400 962 3486 igitur
984 3399 1066 3476 dolo,
1091 3419 1151 3466 non
1177 3402 1218 3480 vi,
1235 3419 1297 3467 non
1314 3399 1489 3486 ignorantia
1507 3401 1587 3466 baec

354 3505 507 3573 Ecclesiae
531 3507 725 3574 consuetudo
757 3507 935 3573 introducta
959 3513 1015 3585 est,
1041 3507 1093 3574 sed
1131 3508 1254 3592 pietate,
1286 3507 1338 3574 sed
1368 3507 1499 3586 ratione,
1529 3505 1587 3573 sed

354 3613 492 3692 scientia,
517 3631 619 3698 neque
643 3614 722 3680 citra
756 3613 879 3681 divinae
912 3613 988 3698 legis
1021 3614 1251 3693 auctoritatem,
1283 3631 1386 3700 neque
1409 3613 1489 3680 citra
1513 3612 1587 3678 uui·

354 3737 463 3786 versae
488 3720 586 3804 plebis
609 3737 782 3787 assensum.
807 3722 875 3805 Qua
898 3739 974 3806 ergo
997 3721 1099 3787 lronlc
1120 3739 1185 3800 ros,
1203 3719 1462 3806 impudentissimi
1483 3718 1586 3786 nebu·

355 3825 451 3904 lones,
476 3827 533 3912 ipsi
558 3827 669 3912 quovis
694 3827 863 3911 proditore,
887 3828 958 3893 lure
981 3845 1018 3893 uc
1043 3827 1162 3894 latrone
1181 3827 1363 3906 deteriores,
1388 3832 1496 3912 utpote
1520 3843 1586 3892 non

355 3934 504 4016 pecunias
527 3933 678 4012 iurantes,
703 3942 758 4000 aut
781 3951 914 4020 corpora
938 3933 1081 4000 hostibus
1104 3933 1272 4011 tradentes,
1303 3940 1359 3999 aut
1386 3949 1421 3999 ea
1446 3931 1503 4016 ipsi
1530 3947 1586 3996 ne-

426 4217 435 4249 ¹
456 4218 505 4287 Ep.
523 4217 560 4273 ud
579 4218 633 4273 Col.
652 4221 673 4272 Α
693 4221 721 4272 3;
742 4219 770 4272 lli
793 4220 838 4286 (sc.
859 4221 974 4285 apostoli
994 4222 1041 4284 tui)
1061 4223 1121 4272 sunt
1146 4219 1285 4282 Maternus,
1308 4217 1459 4283 severinus,
1477 4217 1587 4282 Euergi-

354 4315 417 4374 stus,
437 4309 548 4371 Solinus,
567 4307 725 4362 Cunlbcrtns
744 4317 793 4362 etc.
812 4308 939 4372 doctrina,
952 4309 1131 4372 sanctimonia,
1145 4308 1333 4361 miraculorum
1353 4305 1467 4372 potentia
1484 4305 1587 4357 incom-

355 4397 493 4462 parabiles,
512 4395 610 4464 quibus
638 4411 685 4450 uec
703 4396 779 4465 diqni
795 4401 868 4462 suut,
892 4401 920 4452 ul
938 4396 1073 4451 mutulam
1097 4394 1246 4466 porripunl
1272 4395 1469 4462 corrigiamque
1487 4393 1588 4446 calcea·

356 4486 435 4538 menti
455 4486 565 4550 solvant,
583 4487 629 4554 qui
649 4485 721 4538 bisce
740 4485 904 4552 temporibus
922 4500 980 4540 sese
999 4485 1166 4551 evangelicos
1185 4484 1304 4538 iactitant.
