3378 5082
381 285 400 350 d
886 301 1100 350 turnooucmo.

379 423 513 484 clamore
536 432 628 503 atque
649 422 789 500 sacrilegi
813 423 961 502 principis
983 433 1010 483 et
1027 423 1219 502 quorundam
1243 439 1405 502 procerum
1428 424 1535 485 lavore
1553 441 1614 486 non

381 531 481 592 minus
505 533 609 592 insano
631 546 723 610 urtam
747 529 887 592 uiolento.
903 530 980 592 Cleri
997 545 1130 610 natuque
1145 530 1216 592 odio
1232 531 1387 593 excaecati
1404 531 1615 593 uenenorum

381 636 669 698 Ecclesiasticorum
691 636 860 716 eupiditate
876 635 1027 708 ardentes
1044 651 1142 714 neque
1158 637 1274 699 ratione
1297 653 1396 716 neque
1412 636 1543 698 consilio
1560 646 1617 699 aut
1677 643 1678 698 l

381 744 543 822 prudentia
566 743 759 832 regebantur,
780 743 833 804 sed
866 743 1025 804 allectibus
1057 744 1195 822 perversi
1227 761 1264 804 uc
1286 745 1380 806 armis
1411 751 1555 822 potentes
1584 752 1614 806 et

382 849 474 912 validi
498 865 556 911 una
581 849 722 911 uiolentia
753 857 848 912 totum
872 849 1120 911 Ecclesiastieum
1144 849 1280 912 ordinem
1310 849 1401 913 slntul
1430 859 1553 912 vastare
1585 859 1616 912 et
1677 847 1678 878 l

381 957 510 1036 perdere
532 956 732 1028 conabantur,
755 957 783 1017 nl
806 956 923 1018 externi
947 956 1043 1017 ltostis
1065 966 1163 1018 ructus
1191 956 1367 1030 obstitisset,
1396 973 1505 1036 nempe
1528 957 1615 1033 regis

380 1062 558 1124 christierni
576 1063 597 1137 ¹,
618 1064 670 1143 qni
694 1071 757 1124 tum
779 1071 845 1124 crat
866 1065 918 1123 toti
943 1079 1035 1142 regno
1057 1061 1267 1136 lornddaltilis,
1289 1063 1342 1124 sed
1375 1064 1542 1141 praecipue
1566 1081 1614 1125 sa·

381 1170 477 1249 trapis
499 1185 535 1231 ec
558 1168 747 1248 proceribus.
770 1169 800 1229 ln
823 1169 938 1230 eisdem
960 1169 1102 1244 comitiis,
1125 1169 1275 1244 sacrilego
1307 1170 1448 1248 principe
1480 1187 1539 1231 oon
1565 1188 1614 1232 so

381 1277 443 1338 lum
467 1277 658 1350 connivente,
683 1279 900 1337 verumetiam
925 1277 1094 1355 instigante,
1109 1293 1146 1337 eo
1167 1276 1400 1338 udlrortantibns
1421 1275 1613 1355 quibusdam

382 1382 495 1445 insanis
517 1382 698 1460 procoriltus
719 1382 937 1461 sceleratisque
959 1382 1089 1454 civibus,
1112 1389 1192 1444 tanta
1216 1382 1336 1460 linguae
1368 1383 1535 1462 petulantia
1561 1384 1614 1444 de·

381 1489 521 1552 bacchati
544 1491 665 1550 suntin
689 1489 857 1568 Episcopus
878 1505 915 1550 ac
938 1489 1020 1565 regni
1046 1489 1207 1567 praelatos,
1230 1497 1262 1550 nt
1284 1505 1374 1550 omne
1395 1489 1612 1551 conviciorum
1677 1481 1678 1490 ’

366 1613 476 1674 genus
496 1603 601 1657 contra
625 1611 677 1656 cos
698 1595 897 1657 evomuerint.
920 1593 981 1656 Nee
1004 1601 1120 1657 tautum
1142 1611 1195 1656 cos
1220 1595 1464 1674 perstringebant
1485 1594 1544 1657 suli
1569 1595 1615 1657 lu·

382 1717 490 1780 porum
513 1709 567 1762 aut
588 1702 846 1763 mercenariorum
869 1703 990 1762 nomine
1013 1704 1042 1762 in
1070 1700 1198 1780 gratiam
1231 1702 1408 1763 insanientis
1436 1701 1527 1778 nitigi,
1553 1701 1611 1762 sed
1677 1683 1678 1730 t

383 1816 532 1888 perpetuo
555 1808 653 1869 lurore
674 1806 846 1870 clamabant
870 1807 937 1870 illos
959 1807 1050 1879 tures,
1065 1807 1208 1883 latrones,
1228 1808 1417 1880 seductores
1432 1807 1612 1887 proditores
1677 1829 1678 1836 ¹

382 1930 419 1976 ac
439 1913 630 1976 auimicidas.
655 1914 750 1976 lluius
773 1921 873 1977 tantae
895 1915 1030 1976 insaniae
1051 1913 1168 1978 rabiem
1192 1931 1347 1994 nortonam
1377 1915 1501 1993 impunc
1524 1913 1609 1976 tulis·
1677 1971 1678 1974 ,

382 2029 449 2083 sent
470 2021 614 2101 princeps
636 2037 672 2083 ao
694 2023 776 2100 regni
801 2037 954 2100 proceros,
976 2021 1000 2081 si
1024 2020 1052 2082 in
1076 2021 1135 2082 illis
1157 2021 1262 2083 luisset
1284 2019 1344 2084 ulla
1361 2020 1438 2083 mica
1462 2021 1609 2099 pudoris;
1677 2073 1678 2098 p

383 2143 488 2189 rernm
508 2127 593 2198 odio,
615 2127 742 2190 avaritia
776 2143 813 2188 ae
846 2127 1033 2205 impudentia
1055 2127 1135 2205 pleni
1169 2127 1243 2188 ntutt
1266 2144 1323 2189 non
1346 2133 1376 2189 et
1408 2127 1544 2189 lerebant
1578 2135 1610 2189 et

383 2232 533 2296 iaciebant
548 2259 576 2295 ι.

462 2341 606 2419 Episcopi
630 2339 753 2420 quidem
777 2340 863 2417 prins
885 2355 986 2416 regem
1009 2340 1124 2420 scripto
1145 2339 1366 2402 admonuerant
1398 2339 1610 2414 iurisiurandi,
1677 2353 1678 2378 ι

382 2464 444 2527 quo
466 2447 632 2508 Romanam
647 2446 816 2508 Ecclesiam
838 2446 1021 2508 catholicam
1038 2463 1231 2522 conservare,
1245 2446 1417 2518 delendcrc,
1436 2452 1610 2526 protegere,
1677 2511 1678 2520 ,

382 2553 564 2616 Lutlteranis
588 2569 659 2614 vero
683 2571 719 2614 ne
740 2553 856 2614 aditum
879 2551 1002 2632 quidem
1026 2555 1054 2614 in
1077 2568 1201 2632 regnum
1216 2553 1387 2615 concedere
1407 2559 1436 2614 et
1458 2552 1611 2614 nihilomi·
1677 2531 1678 2556 ³

383 2678 439 2723 nus
468 2662 619 2738 ingressos
641 2661 844 2722 severissimis
865 2661 973 2738 poenis
1002 2659 1150 2722 mulctare
1172 2659 1361 2738 promiserat.
1392 2658 1505 2721 Deinde
1535 2675 1609 2721 cum
1677 2663 1678 2676 ¹

382 2766 456 2828 nihil
480 2767 672 2846 profluerent,
694 2763 924 2828 concionatores
940 2765 1130 2828 Lutlteranos
1145 2765 1241 2827 literis
1255 2766 1293 2828 ad
1315 2780 1417 2842 regern
1439 2765 1519 2826 detis
1534 2765 1610 2828 ltae·

382 2889 486 2934 roseos
508 2880 702 2947 accusarunt,
724 2875 762 2934 at
785 2871 931 2934 articulos
959 2872 1131 2934 haereticos
1152 2872 1196 2933 eis
1218 2871 1398 2934 obiicientes
1418 2887 1543 2951 eosque,
1574 2879 1609 2934 ut
1677 2869 1678 2892 ¹

381 2981 496 3059 scripto
513 2987 575 3042 ιιιιιι
592 2980 705 3041 Daniee
722 2987 784 3041 tum
800 2978 892 3041 latine
908 2978 1136 3058 responderent,
1151 2985 1362 3058 provocantes.
1377 2976 1433 3050 Qut
1449 2977 1609 3056 aliquanto
1677 2975 1678 3000 l

382 3091 519 3165 tempore
542 3086 742 3163 tergiversati,
758 3085 861 3147 brevic
887 3085 999 3146 [lairico
1014 3099 1154 3146 sermone
1170 3083 1318 3146 dederunt
1340 3099 1497 3162 responsa,
1513 3082 1609 3146 latina

382 3199 564 3254 autemnon
586 3191 644 3252 nisi
668 3192 761 3253 biduo
783 3199 945 3271 antequam
968 3207 984 3252 a
1007 3191 1140 3252 comitiis
1162 3189 1335 3253 abeundum
1357 3196 1445 3251 esset.

462 3299 552 3360 llisoe
575 3297 676 3360 latinis
698 3297 948 3360 concionatorum
970 3297 1213 3358 lsutlreranorum
1229 3295 1384 3375 responsis
1398 3295 1540 3375 opposita
1562 3303 1610 3358 cst

383 3402 559 3486 Confutotio
581 3403 797 3484 latiomorum
827 3420 907 3466 utino
930 3403 1061 3482 primum
1085 3402 1286 3481 publicemus.
1309 3401 1394 3480 Opus
1421 3402 1480 3463 ltoc
1502 3417 1609 3464 mense
1677 3427 1678 3504 ζ

382 3515 517 3590 degusto
540 3509 611 3572 antri
634 3513 712 3572 totto
734 3509 877 3573 darnusii
900 3511 929 3572 in
945 3509 1031 3584 lutia,
1054 3517 1087 3571 nt
1102 3508 1231 3582 ridetur,
1246 3508 1454 3587 couscriptum
1476 3514 1507 3569 et
1522 3523 1609 3586 prae·
1677 3519 1678 3596 ι

382 3626 428 3679 ter
450 3617 667 3679 mediationem
692 3617 721 3678 in
742 3624 804 3678 tres
825 3615 1011 3692 Congressus
1025 3616 1168 3688 divisum,
1183 3615 1331 3677 haetenus
1346 3615 1427 3693 typis
1450 3613 1608 3691 vulgatum
1677 3665 1678 3670 ,

382 3741 441 3786 ιιοιι
463 3724 526 3784 luit.
550 3723 663 3786 Prodiit
684 3723 808 3802 quidem
831 3739 909 3784 anno
932 3726 1010 3784 1555
1032 3721 1174 3784 Aaruusii
1197 3719 1339 3799 aliqualis
1362 3720 1440 3781 tertii
1464 3718 1609 3796 Congres

381 3848 433 3892 sus
457 3830 556 3891 versio
578 3829 689 3892 [terrica
712 3829 770 3892 solt
793 3829 896 3891 titulo:
923 3829 1054 3890 «Totius
1077 3827 1159 3906 regni
1183 3827 1296 3890 llaniac
1324 3827 1547 3905 Episcoporum
1571 3841 1609 3888 ae

382 3936 589 4000 Praelntorum
612 3936 649 3997 ad
683 3937 830 3998 articulos
863 3935 1049 3998 Lutlteranos
1079 3950 1257 4012 responsum
1280 3933 1480 3995 christianum
1508 3932 1611 3994 ortlto·

382 4042 495 4105 donum
511 4041 522 4074 ⁸
538 4064 566 4116 »;
588 4050 619 4104 at
639 4042 690 4103 liic
713 4042 834 4104 libellus
856 4059 893 4104 ne
915 4048 1010 4102 totum
1032 4038 1157 4119 uiridem
1181 4039 1302 4102 tertium
1335 4039 1536 4116 Congressum
1560 4054 1610 4101 ne-

382 4197 649 4209 ——--—-

453 4303 461 4334 ¹
483 4303 606 4366 Secundi,
624 4301 670 4369 qul
690 4315 758 4354 anno
778 4301 846 4354 toea
866 4313 948 4364 regno
967 4299 1092 4364 expulsus
1111 4299 1203 4350 luerat.

451 4389 462 4421 ¹
487 4411 498 4440 ι
512 4391 613 4456 Menige
633 4389 788 4442 Dnnmarlds
804 4387 877 4454 ltigis
889 4388 1046 4452 Biscoppers
1059 4388 1108 4438 oen
1123 4385 1248 4438 Prelatcrs
1261 4385 1408 4450 cnrtstettge
1421 4399 1452 4438 oc
1465 4383 1608 4450 rotsindige

382 4495 518 4548 geenswar
537 4481 572 4533 till
591 4482 635 4533 tlte
653 4478 865 4531 Lwtncriansclto
883 4476 999 4530 urticlde.
1018 4475 1079 4528 Paul
1098 4475 1172 4528 Raed.
1191 4475 1302 4528 tiernus.
1322 4473 1416 4529 toea»
1441 4471 1477 4526 6⁰.
