3378 5082
197 355 394 404 ausculanus
418 354 531 415 uoutJS,
554 353 616 412 Quo
640 354 726 402 HANG
751 352 918 401 uuutuuuu
943 351 1177 401 tuouuuvuttts
1258 332 1300 400 23

162 480 284 542 Nomina
307 475 461 540 librorum
482 495 644 540 sonorum
667 477 695 538 io
728 477 865 556 margine
894 475 1116 538 Conlutatiouis
1135 475 1299 537 citatorum

96 586 183 647 eodem
201 601 322 664 semper
343 582 433 646 modo
461 601 479 646 a
508 584 597 646 aolus
625 582 814 656 abbreviata,
835 600 981 644 ausuum
1009 581 1147 652 nunteri,
1169 597 1239 643 cum
1262 579 1301 643 ab

96 693 152 771 ipso
169 700 289 755 auctore
313 709 399 755 more
422 691 503 754 illios
524 691 671 770 temporis
699 690 763 752 sola
793 690 894 769 capita
919 689 1029 752 luerint
1055 689 1157 759 citata,
1179 688 1300 760 adiecti,

97 806 249 880 textusque,
268 816 347 880 quos
377 815 435 861 ιιοιι
462 805 579 872 auctor,
602 798 655 859 scd
683 814 740 859 nos
771 798 801 859 iu
830 797 937 859 eodem
968 796 1103 872 margine
1133 795 1301 873 posuimus,

96 905 280 968 distinctionis
301 922 395 968 causa
417 903 504 968 runcis
526 902 641 967 inclusi
659 912 740 966 ssent.

161 1013 266 1076 Sacros
288 1021 389 1076 textus
410 1028 525 1084 omues,
547 1013 598 1091 qui
622 1009 664 1073 od
684 1010 812 1073 unium
841 1011 1007 1073 alleruulur
1038 1009 1128 1088 lypis,
1152 1015 1185 1071 ιιι
1205 1008 1301 1080 aiunt,

96 1118 192 1180 itolicis
213 1121 344 1199 imprimi
367 1121 554 1182 curavimus,

162 1225 214 1288 Ubi
236 1243 344 1289 sensus
376 1225 405 1287 id
439 1225 601 1287 ridebatur
633 1224 798 1304 postulare,
818 1239 932 1286 nouom
968 1221 1138 1303 incepimus
1172 1220 1300 1294 lineam,

97 1333 219 1411 quamvis
241 1335 269 1395 iu
291 1333 484 1411 autographo
507 1333 613 1396 easdem
637 1315 715 1394 liuea
739 1337 900 1410 pergatur·;
917 1330 987 1392 itera
1003 1328 1230 1391 distinctionem
1244 1345 1301 1408 per

99 1437 229 1516 circutos,
248 1448 363 1519 puncto
386 1440 507 1519 aliamue
529 1439 615 1516 sigua
638 1439 667 1500 iu
701 1438 879 1517 apographo
910 1438 985 1498 salis
1013 1435 1180 1514 neglectam
1203 1450 1302 1496 eruen-

98 1545 228 1608 desimus.

163 1651 280 1714 Numeri
306 1654 335 1713 iu
358 1652 424 1731 ipso
446 1660 529 1715 testu
552 1652 771 1714 Conlocationis
792 1657 990 1712 oecrtrreotes
1019 1657 1046 1710 et
1071 1649 1158 1711 erucis
1183 1647 1302 1720 inclusi,

98 1765 124 1820 ul
141 1761 205 1838 (ιι),
225 1760 296 1840 (lu),
318 1761 389 1840 (ιι),
411 1758 500 1838 (20³),
521 1759 612 1838 (231),
634 1761 763 1820 ιιιιιιιιιιιι
785 1759 911 1837 paginas
930 1756 1099 1835 apographi
1116 1772 1132 1817 a
1149 1755 1236 1816 uobis
1252 1771 1303 1817 nu·

95 1875 219 1940 neruus,
240 1870 296 1928 etsi
320 1881 336 1928 a
359 1869 509 1946 scriptore
531 1866 622 1947 positi
646 1881 705 1927 uon
728 1865 846 1927 luerint.

308 2095 515 2158 excusauit
538 2093 718 2158 aucuuuts
740 2093 869 2174 (Nicolai
895 2092 1076 2170 llerbornei)

116 2309 139 2368 ll
157 2307 287 2371 Monada
309 2305 420 2390 (Epist.
441 2305 628 2370 dedicatoria
650 2305 692 2369 od
713 2307 860 2368 loannem
882 2304 991 2378 llinclr,
1014 2303 1094 2367 iuris
1117 2302 1277 2385 utriusque

377 2413 540 2486 doctorem,
564 2418 586 2477 ll
609 2414 648 2477 lb
669 2447 710 2462 -
733 2419 753 2476 ll
778 2414 810 2493 5)
831 2411 1001 2494 desumpto.

551 2631 587 2683 De
606 2645 663 2683 sese
681 2631 834 2684 confltetur:

160 2825 248 2903 Atqui
271 2821 345 2885 dum
367 2822 460 2902 cupio
482 2839 549 2884 esse
570 2829 684 2898 gratus,
707 2828 808 2882 metuo
831 2837 867 2883 oe
891 2820 1006 2881 maiore
1029 2827 1057 2881 te
1074 2820 1237 2896 iguomluia
1260 2820 1303 2882 al·

91 2929 189 3000 liciam,
211 2937 316 3009 utpote
338 2930 363 2990 si
379 2945 438 2990 nuo
455 2928 484 2989 id
501 2929 677 3008 rependam,
698 2929 781 3009 quod
806 2927 896 2990 taulis
912 2926 1086 2988 troruinilrus
1101 2926 1236 3002 dignum,
1251 2926 1304 2987 sed

90 3051 142 3112 otro
162 3038 252 3098 eliam
276 3035 361 3098 ruulti
385 3035 569 3097 abhorreat:
592 3050 700 3114 uempe
724 3036 892 3096 imecuras
913 3040 943 3094 et
964 3033 1112 3095 adversus
1135 3033 1303 3095 lineretico·

91 3157 149 3204 rum
170 3159 289 3204 morsus
315 3144 478 3204 instructas
510 3141 683 3220 apologias:
709 3141 791 3220 quod
826 3143 854 3202 io
888 3141 992 3202 alteris
1022 3141 1185 3216 ingenium,
1212 3141 1304 3202 vitatu

91 3263 240 3330 moresque
262 3249 509 3311 adversariorum
542 3249 737 3320 insectantur,
759 3247 863 3309 alteris
895 3248 934 3308 ita
968 3248 1147 3308 seutentiam
1171 3254 1303 3308 nostram

91 3357 254 3431 astruimus,
276 3363 309 3418 ιιι
330 3363 360 3416 et
381 3357 496 3418 crimen
520 3355 608 3416 uobis
629 3355 703 3416 laiso
726 3355 901 3434 impositum
923 3352 1112 3432 depellamus
1135 3362 1163 3414 et
1179 3352 1306 3415 alterius

92 3477 216 3538 mosam
237 3461 340 3543 qrroad
364 3463 429 3524 lleri
452 3469 560 3542 potest,
584 3461 630 3523 rel
652 3461 808 3522 elevemus
830 3461 876 3522 sel
905 3469 1115 3536 extenuemus,
1137 3467 1189 3522 aut
1212 3477 1303 3539 porro

90 3571 279 3632 oooiutemus.
303 3567 335 3631 ld
356 3569 438 3650 qood
461 3569 516 3630 etsi
539 3585 609 3630 cum
632 3569 745 3630 decoro
769 3568 832 3630 lieri
856 3569 961 3648 possit,
985 3569 1035 3628 vix
1065 3574 1163 3628 lameu
1186 3583 1307 3645 compe·

91 3673 151 3746 ries,
171 3677 222 3754 qui
247 3693 347 3756 aequo
367 3676 469 3737 auimo
492 3684 655 3753 utrumque
678 3675 761 3736 ieret.
784 3673 846 3747 Oua
871 3691 903 3736 re
919 3674 1086 3736 iactitauuo
1103 3681 1159 3746 est,
1174 3681 1206 3734 ιιι
1222 3673 1305 3736 allud

91 3781 154 3844 uilri
176 3790 390 3860 argumentum
412 3781 586 3861 obtigisse...
610 3781 727 3854 vellem,
748 3797 841 3860 utram
865 3781 923 3843 lloc
946 3781 1045 3861 ipsum
1069 3780 1151 3859 quod
1175 3787 1307 3842 tractare

91 3889 273 3966 turpionis
294 3889 375 3951 euim
398 3889 444 3950 vel
468 3905 526 3950 ιιοιι
550 3889 661 3950 iuvitus
684 3889 822 3950 rixatur?
843 3887 905 3949 lmo
928 3889 997 3968 qttis
1020 3905 1077 3949 ιιοιι
1105 3887 1189 3948 malit
1220 3885 1305 3948 blau-

91 3990 219 4058 diuscule
241 3997 343 4058 omoia
364 3996 496 4074 exequi?
519 3996 555 4057 Et
577 4003 676 4058 tameo
700 3996 759 4057 lucc
781 3995 956 4074 promiscue
972 4001 1113 4067 toaclare,
1129 3995 1239 4073 partim
1256 4011 1307 4055 su·

92 4103 236 4176 pedorum
260 4103 355 4174 iussu,
377 4103 488 4183 partim
512 4103 580 4164 lldai
612 4102 676 4164 zelo
708 4101 823 4178 adiger.
847 4101 973 4163 Patienti
998 4101 1089 4178 igitur
1111 4101 1246 4163 crumulo
1269 4100 1306 4163 le·

93 4209 219 4276 reudurn.
240 4210 265 4271 si
289 4209 413 4290 quidem
438 4209 641 4288 importunius
664 4207 855 4270 Lutlreraoue
886 4209 1024 4269 [aetionis
1046 4207 1235 4288 professores
1256 4209 1306 4269 ad·

92 4313 173 4388 orior,
193 4317 218 4378 si
241 4317 454 4396 intempestive
476 4315 647 4396 interpello,
669 4316 693 4376 si
716 4315 937 4378 amarulentius
958 4314 1096 4390 oblongo.
1115 4311 1310 4392 Qttaudoqul·

93 4417 151 4482 dero
172 4431 203 4484 et
235 4423 293 4502 ipsi
327 4423 437 4486 nemini
470 4423 592 4490 cedunt,
616 4439 653 4483 ue
685 4423 744 4483 dlis
775 4421 900 4503 quidem
934 4421 1181 4500 hominibusque.
1204 4419 1310 4500 Neque

93 4526 161 4590 euim
184 4529 244 4592 ulla
266 4546 342 4607 geos
362 4538 408 4592 est
429 4537 481 4592 aul
504 4530 586 4592 olatio
608 4537 660 4590 aut
683 4544 820 4606 reguum,
841 4529 890 4590 cui
912 4545 980 4591 sese
1003 4545 1061 4590 oou
1079 4528 1241 4605 insinuent,
1256 4529 1307 4590 cui
