3364 5092
512 354 626 404 ramus
648 354 855 405 cosonsssns.
1056 313 1060 322 ⁸
1254 341 1296 406 75

79 495 219 564 unqmm,
231 478 314 546 banc
327 478 495 565 utriusque
508 478 683 547 testamenti
701 479 890 565 scripturam
907 497 976 547 ossa
987 479 1184 560 canonicam;
1201 480 1298 566 igitur

78 584 130 669 qni
151 583 223 652 nibil
247 583 465 670 recipiendum
491 591 617 671 praeter
644 585 824 652 canonicam
857 585 1047 672 scripturam
1070 585 1193 666 asserit,
1225 603 1297 653 cum

78 689 165 758 solam
192 690 385 776 scripturam
409 691 479 758 vult
510 691 663 777 recipere,
696 709 758 758 non
789 692 979 760 consistente
1010 691 1171 760 mendacio
1201 699 1298 760 mlum

77 813 142 863 mm
160 796 271 865 reiicit.
294 796 406 864 -ld
429 797 517 876 baec,
541 797 626 882 quod
650 815 806 884 nusquam
830 798 890 866 boc
913 798 944 863 in
968 797 1118 865 canonica
1139 798 1298 884 scriptura

78 919 255 988 expressum
280 902 473 983 inveniatur,
497 910 624 988 praeter
650 918 745 970 unam
777 905 944 971 canonicae
975 903 1151 989 scripturae
1175 905 1297 972 literam

78 1009 283 1095 recipiendum
307 1026 376 1077 esse
406 1010 495 1076 nihil.
528 1047 572 1058 -
595 1009 754 1078 Postremo
777 1011 873 1096 quod,
896 1010 921 1078 si
954 1011 1026 1096 quis
1048 1011 1078 1077 id
1110 1012 1176 1077 ullo
1206 1011 1299 1078 modo

78 1115 135 1182 illic
155 1117 263 1183 baberi
296 1114 473 1194 contendat,
497 1112 563 1200 (ta)
587 1133 690 1182 nonne
721 1116 867 1200 protinus
897 1115 981 1184 istud
1012 1125 1154 1184 vestrum
1185 1117 1299 1202 dogma

76 1222 163 1288 smel
187 1223 369 1289 nniversam
394 1222 485 1290 istius
501 1229 624 1289 vestrae
646 1222 789 1289 factionis
811 1223 998 1303 macbinam,
1016 1239 1126 1309 nempe
1148 1223 1244 1290 libros
1267 1231 1298 1290 et

77 1328 232 1396 conciones
255 1328 394 1407 subruit,
417 1327 531 1394 evortit
546 1335 641 1413 atque
658 1327 838 1413 pessundat,
855 1329 981 1415 quando
1005 1347 1161 1415 nusquam
1177 1329 1208 1395 in'
1233 1329 1298 1396 ullo

76 1433 300 1520 scripturarum
324 1452 443 1502 canone
467 1434 677 1513 inveniantur,
702 1434 759 1500 nisi
784 1435 864 1502 iorte
887 1443 992 1503 vestra
1015 1435 1074 1502 ista
1100 1435 1242 1514 Ecclesia,
1266 1433 1297 1500 id

76 1551 118 1608 est
140 1542 280 1608 Satanica
303 1542 475 1626 synagoga,
499 1541 664 1625 proprium
690 1541 795 1607 nescio
818 1559 912 1626 qoem
937 1541 1050 1608 lrabeat
1073 1558 1233 1608 canonem.

159 1649 199 1716 lte
222 1665 319 1726 nnnc,
342 1653 375 1714 et
390 1648 472 1714 sicut
494 1646 568 1713 olinr
593 1646 694 1713 ludaei
721 1653 798 1714 teste
814 1647 968 1714 llieremia
993 1647 1170 1733 hypocrisin
1207 1665 1296 1714 suam
1320 1663 1380 1710 nro.
1394 1663 1414 1717 r,
1429 1662 1461 1721 a,

77 1755 132 1820 snb
154 1753 259 1840 templi
292 1753 417 1820 nomine
441 1752 682 1830 abscondebant,
714 1752 819 1838 populi
852 1754 985 1821 auribus
1015 1761 1168 1839 perpetuo
1196 1754 1296 1820 incul-

77 1869 191 1928 cantes:
224 1858 394 1945 Templom
416 1859 555 1937 domini,
579 1858 735 1945 temptum
758 1858 897 1938 domini,
914 1860 1068 1946 temptum
1090 1859 1238 1938 domini,·
1256 1861 1298 1927 ita

77 1985 126 2034 ros
148 1969 236 2034 istam
260 1966 493 2033 simulationem
516 1965 727 2051 astutiamque
751 1974 900 2046 vestram,
924 1965 1050 2052 quando
1074 1967 1224 2051 populum
1241 1967 1296 2034 Dei

77 2081 133 2140 tam
167 2073 286 2158 perdite
317 2071 467 2140 seducitis
496 2071 557 2138 sub
589 2072 744 2158 Evangelii
771 2090 845 2140 voce
877 2079 1026 2157 tegentes,
1057 2073 1182 2140 assidue
1214 2073 1295 2159 plebi
1315 2087 1466 2186 ”imiilm
1533 2130 1536 2136 .

75 2180 216 2247 occinite:
241 2177 381 2246 Verbum
405 2178 461 2246 llei
478 2181 500 2257 ¹,
524 2178 657 2245 verbnm
682 2179 748 2258 Ilei,
772 2179 905 2246 verbum
929 2179 1002 2258 Dei;
1027 2179 1195 2264 scriptura,
1219 2179 1296 2246 scri·
1342 2152 1396 2197 ’Μ
1432 2173 1439 2187 ’

76 2293 174 2370 ptura,
195 2285 373 2370 scriptura;
397 2284 610 2370 Evangelium,
634 2285 846 2370 Evangelium,
864 2285 1075 2370 Evangelinm.
1093 2286 1153 2352 Nos
1176 2294 1296 2365 contra,

77 2400 107 2458 nt
129 2393 221 2460 etiarn
246 2392 300 2458 ilia
323 2391 412 2458 vobis
435 2391 655 2476 rumpantur‘
681 2390 804 2470 invidia,
828 2392 964 2458 clamare
989 2409 1166 2477 possumus,
1195 2409 1296 2477 neque

77 2499 250 2567 desinemus
261 2515 421 2584 unquam:
440 2497 584 2576 Ecclesia,
598 2497 741 2577 Ecclesia,
756 2497 908 2576 Ecclesia;
924 2499 1102 2577 concilium,
1119 2499 1296 2578 concilium,

76 2605 253 2685 concilium;
278 2613 394 2690 patres,
417 2609 533 2690 patres,
558 2612 679 2688 patres:
703 2603 854 2671 malentes
877 2622 949 2671 cnm
975 2605 1024 2671 bis
1046 2622 1166 2684 errare,
1197 2605 1222 2671 si
1246 2623 1297 2672 er-

78 2713 221 2791 raverint,
244 2729 340 2798 quam
365 2710 528 2778 vobiscum
545 2711 623 2778 bene
640 2711 765 2778 sentire.
785 2711 901 2778 Verum
926 2711 983 2778 etsi
1007 2711 1154 2778 omnibus
1169 2711 1296 2797 quidem

78 2818 156 2887 bisce
188 2818 361 2905 praestatis,
392 2835 504 2902 nempe
529 2836 589 2883 non
623 2816 714 2884 modo
744 2818 901 2884 canonicis
923 2818 1093 2903 utriusque
1120 2819 1295 2885 testamenti

77 2925 246 3011 scripturis,
269 2923 387 2991 scilicet
411 2931 442 2991 et
462 2922 683 2990 traditionibus
706 2923 897 3008 Apostolicis,
922 2922 1074 2991 Ecclesiae
1097 2923 1297 2991 consuetudi·

77 3030 172 3112 nibus,
196 3029 411 3098 sanctionibus
433 3029 650 3108 conciliorum,
675 3029 857 3097 Pontilicom
882 3029 1026 3109 decretis,
1055 3031 1297 3098 revelationibus

77 3191 336 3208 -1——1———0

77 3299 108 3350 sia
125 3327 159 3342 -
177 3316 231 3354 non
249 3299 371 3364 oudlerit,
390 3299 452 3352 sed:
470 3299 491 3352 si
511 3298 660 3351 Ecclesiam.
680 3299 761 3365 Quaesi
779 3301 843 3351 baec
868 3299 1038 3363 praeterendo
1066 3300 1100 3352 sit
1124 3299 1247 3352 omnibus
1270 3301 1295 3353 io

78 3389 221 3444 universum
240 3387 423 3454 scriptoribus,
441 3387 518 3440 etium
539 3386 610 3452 llosi,
629 3387 707 3440 etiam
728 3389 863 3450 llattbaeo,
876 3388 954 3440 etiam
974 3389 1145 3453 Evangelistis
1158 3387 1295 3442 omnibus:

78 3474 139 3532 b'nm
158 3476 230 3532 nude
247 3477 296 3531 los
309 3477 338 3530 iu
350 3489 481 3530 manaem
493 3488 639 3530 succorum
651 3475 816 3544 scriptorum
829 3475 931 3531 relatos
943 3475 1147 3545 dtqaosctmns?
1161 3476 1237 3532 certe
1250 3475 1297 3532 Ec·

78 3564 163 3622 clasiae
179 3569 359 3622 sacrosancto
376 3569 402 3618 rt
420 3563 538 3634 infructu
556 3564 726 3620 auctoritato.

139 3655 147 3686 ¹
168 3657 243 3711 Mon.
261 3655 280 3706 L
299 3653 357 3708 db:
376 3658 416 3719 At,
435 3653 547 3720 inquies,
567 3653 601 3706 ad
620 3656 688 3706 banc
714 3654 853 3706 Ecclesiam
877 3654 1092 3720 confugiendum,
1117 3669 1186 3722 quac
1213 3654 1296 3708 verbo

79 3741 117 3795 ilci
130 3747 226 3798 uidcor.
246 3744 322 3798 Eorta
339 3741 431 3797 verbo.
454 3743 557 3810 Ecqone
576 3742 646 3795 enirn
666 3756 717 3796 non
736 3743 813 3796 dicit:
827 3745 883 3797 lloc
902 3743 1000 3806 adeste,
1014 3743 1166 3812 quicunqne
1184 3745 1296 3798 saltitem

79 3831 187 3898 indipisci
206 3832 372 3898 contenditis,
391 3831 433 3884 bic
451 3830 569 3884 Cbristos
588 3841 635 3895 est,
653 3830 697 3886 bio
715 3828 826 3886 vebum
845 3829 956 3897 dontim,
985 3832 1026 3886 bic
1045 3833 1150 3886 veritas.
1170 3835 1199 3886 Et
1222 3833 1297 3900 quod

78 3919 130 3974 olim
149 3923 266 3988 popolus
285 3919 441 3974 ludaeorum
460 3917 590 3988 templum
608 3917 719 3982 demitti,
739 3917 869 3989 templum
892 3918 1003 3986 dornmt,
1029 3919 1159 3990 ternplum
1185 3920 1296 3988 domitat,

80 4007 121 4060 boc
138 4011 226 4076 ipsum
245 4006 372 4074 obstrepit
389 4006 521 4075 quaelibet
534 4010 628 4060 barum
646 4007 681 4061 de
693 4006 773 4063 uerbo
786 4006 890 4062 domini
901 4009 1118 4062 incontaminato:
1130 4024 1192 4064 cnm
1210 4017 1296 4064 tamen

79 4093 170 4152 interim
191 4105 294 4164 practer
312 4097 437 4151 corticem
456 4103 482 4150 et
500 4097 664 4151 occidentem
682 4098 782 4150 literam
802 4097 865 4150 nibil
878 4097 980 4162 babeat,
999 4099 1072 4166 quod
1091 4099 1123 4152 nd
1138 4113 1295 4165 germanum

80 4183 169 4240 domini
187 4185 301 4240 verbum
320 4187 456 4252 pertineat.
475 4185 537 4241 Nol.
557 4187 578 4238 ll
598 4184 633 4238 bb
648 4203 655 4239 s
673 4185 805 4238 Arrdont...
817 4184 969 4252 obstrepere
989 4187 1103 4251 idlpsom
1116 4188 1188 4254 qood
1208 4187 1295 4240 ludoel

79 4273 144 4328 olor:
159 4273 300 4344 Templum
318 4273 429 4340 domati,
449 4273 579 4343 templum
597 4273 707 4341 domim,
726 4271 856 4344 templum
875 4273 979 4330 domini
996 4275 1047 4328 liic.

136 4362 147 4395 ¹
165 4365 265 4418 Eodem
284 4371 361 4429 tropo
379 4364 461 4417 utitm
480 4363 506 4415 in
525 4362 640 4418 Monada
658 4364 677 4415 ll
697 4361 748 4416 3¹2:
774 4364 876 4416 Nullum
896 4369 961 4429 puto
989 4371 1014 4416 te
1037 4366 1197 4418 otlbnsurum
1223 4365 1295 4430 apud

80 4449 281 4516 inpressiones,
299 4451 484 4506 Cortbnsianos
502 4460 528 4505 et
540 4451 664 4520 reliquos,
682 4451 784 4506 etiamsi
797 4455 965 4520 rumpuntur
983 4450 1040 4518 tto,
1053 4453 1100 4521 qul
1119 4467 1170 4506 non
1189 4467 1296 4507 omnem

81 4537 193 4596 lundam
211 4539 312 4595 reliciat
329 4541 356 4594 in
370 4539 512 4595 Christum.
