3364 5092
381 293 422 358 66
696 275 892 361 consummo
915 313 1146 362 uuruenamsm
1172 313 1288 360 nascor.

205 451 251 496 uua
273 451 308 503 aa,
323 449 357 494 aa.
379 436 527 502 valerent.
552 436 658 520 Neque
682 443 924 503 cousentaneum
949 444 1007 516 esi,
1031 436 1191 504 Christum
1209 455 1267 522 pro
1283 437 1349 504 solo
1373 438 1464 504 Petro
1481 456 1613 524 rogasse

376 549 509 627 patrem,
533 542 585 610 sed
610 543 703 609 eliam
729 561 787 628 pro
810 543 967 610 universis
989 543 1129 611 eiusdem
1155 545 1402 623 successoribus,
1418 563 1458 612 ne
1480 545 1611 630 quando

376 647 453 714 indes
476 649 633 715 deiiceret.
658 649 727 733 Quo
750 648 787 714 iil
811 656 846 714 ul
869 649 947 715 nihil
970 648 1161 728 addubitem,
1193 667 1354 716 summum
1380 651 1477 716 totius
1505 649 1611 716 Eccle-

375 754 439 821 siae
463 755 641 822 Pontificem
677 756 793 841 [qualis
827 755 950 822 tandem
987 756 1053 840 ipse
1078 756 1140 822 vita
1174 756 1214 822 sit
1236 764 1332 841 atque
1367 756 1521 835 moribus,
1550 774 1610 822 suo

205 877 266 922 nan.
281 878 315 932 n,
329 877 349 924 t.
374 861 456 928 enim
481 862 615 928 domino
638 871 705 929 sto-l
727 871 789 928 out
811 863 914 944 rodit)
938 863 970 928 in
987 863 1122 949 publicis
1146 862 1298 930 Ecclesiae
1315 863 1450 948 fideique
1474 863 1610 948 negotiis

370 985 409 1038 ac
426 970 582 1036 hnmanae
606 970 697 1036 saluti
716 970 899 1036 necessariis
915 969 1086 1036 directione
1109 969 1241 1054 spiritus
1257 971 1354 1035 sancti
1372 987 1535 1055 nunquam
1554 969 1610 1036 de·

373 1074 459 1140 stiiui
474 1077 496 1139 ¹.
513 1076 770 1161 Quandoquidem
790 1085 820 1143 et
835 1076 874 1142 de
890 1075 1017 1160 Caipha,
1035 1094 1094 1142 non
1113 1075 1280 1160 Evangelii,
1296 1083 1329 1142 al
1354 1076 1429 1160 legis
1445 1075 1608 1152 Pontifice‚

374 1181 555 1267 etquidem
580 1183 831 1267 corruptissimo,
858 1183 998 1267 legimus,
1023 1200 1096 1248 eum
1122 1182 1272 1248 instinctu
1296 1182 1427 1266 spiritus
1442 1183 1542 1249 sancii
1568 1182 1611 1247 de

374 1287 499 1354 Christo
523 1289 721 1356 verissimum
745 1288 878 1355 edidisse
901 1289 1077 1366 oraculum,
1101 1288 1196 1374 idque
1219 1295 1298 1356 teste
1322 1288 1517 1374 Evangelista
1543 1307 1608 1354 non

223 1410 253 1456 rs
268 1411 301 1464 rr,
316 1412 351 1458 ar.
373 1393 434 1460 alla
458 1394 589 1472 ralione,
621 1412 716 1479 quam
739 1394 889 1479 dignitate
914 1394 1122 1460 pontificatus.
1147 1395 1228 1472 Hor,
1253 1395 1366 1479 inquit,
1389 1413 1411 1460 o
1434 1393 1607 1479 semetipso

374 1520 442 1568 oon
465 1500 563 1578 dixit,
587 1501 644 1566 sed
666 1519 742 1566 cuna
766 1509 846 1566 esaei
859 1497 1017 1585 Pontifex
1040 1501 1126 1566 orani
1148 1499 1250 1578 illisis,
1271 1497 1494 1586 prophetavit,
1517 1499 1607 1588 quod

376 1605 466 1671 lesus
489 1605 679 1672 moriturus
702 1615 781 1671 essct
800 1624 866 1691 pro
888 1613 988 1692 ponte.
1015 1605 1131 1672 ideirco
1154 1623 1351 1672 summorum
1375 1623 1504 1691 quoque
1528 1606 1606 1671 Pon-

374 1711 493 1778 tilicum
518 1729 653 1778 canones
676 1717 707 1778 el
741 1712 867 1779 decreta
891 1708 971 1794 rai),
997 1720 1144 1798 tanquam
1169 1711 1291 1796 etipsa
1318 1729 1335 1778 e
1365 1711 1450 1778 ionte
1473 1712 1607 1796 spiritus

372 1817 469 1884 sancti
494 1817 645 1896 derivata,
670 1818 718 1884 voi
741 1818 771 1883 in
797 1817 907 1903 primis
931 1818 960 1882 in
985 1818 1180 1900 Christianae
1203 1825 1234 1885 ot
1258 1817 1458 1903 Evangelicae
1488 1816 1607 1884 doctri-

372 1939 430 1988 nae
453 1922 561 1989 album
586 1923 697 1990 reierri
720 1923 844 1990 debent.

461 2029 549 2114 Quod
574 2029 598 2095 si
625 2047 720 2114 porro
744 2030 827 2096 Deus
842 2029 980 2115 optimus
1003 2030 1162 2096 maximus
1185 2030 1309 2115 singulo
1332 2029 1447 2115 cuique
1470 2039 1527 2096 aui
1556 2047 1605 2096 sa·

303 2154 347 2199 vn.
372 2153 426 2202 cro
450 2134 582 2213 doctori,
605 2143 661 2201 aul
685 2135 802 2202 homini
827 2136 888 2221 pio,
912 2143 968 2202 aut
983 2152 1107 2202 summo
1125 2136 1261 2202 Pontifici
1286 2135 1432 2222 spiritum
1456 2136 1602 2202 suumin

202 2207 346 2307 ᾞῖἔῖἷ
372 2242 525 2308 Ecclesiae
550 2259 642 2309 usum
669 2241 861 2327 impartitur,
893 2251 1011 2326 quanto
1044 2242 1142 2327 magis
1165 2248 1251 2308 cerlo
1274 2242 1393 2308 certios
1422 2250 1471 2308 esi
1493 2249 1605 2308 lonen-

371 2349 458 2426 dum,
482 2348 512 2414 id
535 2348 705 2415 universali
729 2349 892 2415 concilioe
916 2348 1038 2414 cunctis
1054 2347 1239 2434 proceribus
1255 2347 1476 2415 Ecclesiasticis
1497 2355 1606 2414 coacto
1651 2367 1675 2448 ’χ

370 2462 465 2541 atque
489 2463 584 2521 totam
609 2455 756 2522 relerenli
783 2455 948 2522 Ecclesiam
974 2454 1081 2532 tribui,
1106 2462 1142 2520 ul
1165 2455 1195 2520 in
1220 2454 1342 2521 cunctis
1373 2453 1443 2520 iidei
1469 2454 1607 2520 necessi·

370 2561 488 2628 tatibus
511 2561 630 2628 obortis
653 2561 784 2646 spiritus
807 2560 934 2640 Christi,
960 2569 1108 2646 tanquam
1133 2561 1237 2644 sponsi
1263 2578 1299 2626 ac
1315 2559 1436 2645 capitis
1459 2560 1486 2626 ei
1504 2559 1521 2592 *
1544 2578 1604 2627 ceu

371 2685 502 2752 sponsae
525 2685 562 2734 ac
586 2668 708 2753 corpori
735 2667 866 2753 mystico
896 2685 1020 2752 semper
1043 2675 1075 2733 et
1097 2666 1178 2733 adsit
1200 2673 1231 2733 el
1256 2666 1383 2752 praesit,
1410 2666 1529 2751 quippo
1553 2665 1606 2732 cui

370 2774 515 2840 Christos
538 2775 685 2859 spiritum
709 2781 853 2841 sanctum
877 2782 1030 2859 perpetuo
1052 2791 1125 2839 cum
1150 2791 1187 2840 ea
1203 2791 1388 2840 mansurum
1406 2772 1605 2857 promiserit,

370 2887 402 2946 et
425 2898 519 2965 quam
545 2887 707 2964 tantopere
731 2879 810 2964 patri
836 2897 894 2946 suo
917 2879 1041 2946 coelesti
1066 2879 1341 2957 commendaverit,
1365 2885 1396 2946 et
1419 2878 1512 2944 cuius
1532 2897 1605 2963 gra·

371 2985 414 3052 tia
438 2986 496 3052 hoc
520 2985 671 3071 quicquid
696 2986 827 3070 spiritus
860 2993 1051 3070 acceperunt
1085 2984 1211 3070 singuli,
1242 2984 1287 3052 eis
1320 2985 1517 3070 impartitum
1551 2985 1604 3064 sit,

202 3109 352 3165 nomina.
372 3092 552 3180 unicuique
575 3101 687 3158 nartem
710 3101 803 3176 (leste
827 3092 983 3177 llpostolo)
1007 3093 1112 3158 dolui·
1134 3089 1363 3177 ritorrisesiolio
1385 3089 1530 3176 spiritus
1557 3092 1605 3157 ad

372 3197 524 3265 Ecclesiae
548 3198 734 3266 utilitatem.

461 3304 591 3372 Proinde
614 3305 690 3391 quin
715 3305 937 3372 Ecclesiasticis
960 3304 1096 3389 synodis,
1119 3303 1258 3370 maxime
1281 3303 1481 3390 generalibus
1504 3312 1536 3372 ei
1560 3306 1606 3372 le-

367 3409 476 3496 gitime
500 3411 616 3478 coactis
640 3420 772 3496 propter
796 3411 908 3478 oborta
931 3410 1002 3477 fidei
1028 3411 1152 3496 negotia
1183 3417 1214 3476 et
1244 3409 1436 3490 discrimina,
1468 3411 1604 3496 spiritns

432 3543 443 3564 ⁹
461 3545 494 3590 oi.

441 3783 450 3814 ¹
471 3785 544 3838 Mon.
563 3785 584 3836 il
604 3783 655 3837 8¹³:
675 3785 805 3837 Hactenus
832 3783 949 3836 defendit
973 3783 1054 3835 iidem
1081 3783 1214 3834 llomanus
1238 3781 1390 3843 sonores...
1416 3788 1444 3834 ui
1468 3796 1602 3850 nusquam

369 3875 466 3927 certius
485 3873 540 3926 veri
560 3873 752 3936 christianismi,
771 3887 852 3940 quam
872 3872 897 3924 in
917 3871 995 3925 huius
1013 3872 1135 3934 Ecclesia,
1155 3871 1273 3923 invenias
1301 3871 1437 3924 indicium.
1456 3871 1511 3923 Siai
1529 3872 1600 3924 euim

371 3964 437 4016 i‘elri
455 3963 532 4016 sedes
551 3963 667 4029 iniracla,
686 3968 736 4015 stat
754 3961 849 4015 Christi
868 3960 1005 4014 obiirmalu
1035 3960 1225 4026 promissione:
1244 3961 1299 4025 Ego
1327 3960 1420 4025 rogavi
1446 3973 1494 4024 pro
1519 3967 1554 4027 ie,
1574 3967 1602 4014 ut

369 4066 421 4106 non
441 4052 545 4104 deliciet
564 4051 631 4104 ildes
650 4059 693 4105 tuo
713 4050 786 4117 (Luc.
806 4052 849 4114 22,
868 4051 942 4117 ili)...
960 4051 977 4101 S
997 4049 1027 4102 3:
1048 4050 1169 4102 Nondum
1189 4049 1279 4102 docuit
1303 4063 1379 4104 nos...
1402 4049 1500 4112 Gallus,
1519 4051 1602 4114 pomi·

369 4140 446 4193 llcem
466 4141 614 4192 Romanum
633 4153 648 4191 a
666 4139 768 4192 Christo
782 4139 937 4192 descivisse:
951 4143 1049 4203 perstat
1061 4139 1131 4191 euim
1146 4137 1223 4191 huius
1237 4152 1357 4203 regnum,
1371 4138 1434 4190 velit
1445 4137 1510 4193 nolit
1521 4139 1601 4190 etiam

370 4229 426 4295 ipss
446 4243 524 4294 papa.
546 4229 636 4296 Neque
654 4229 723 4281 enim
743 4231 855 4294 uspiam,
867 4229 940 4296 quod
956 4232 1064 4293 constet,
1077 4227 1260 4292 deprehendes
1273 4227 1351 4279 huius
1364 4226 1435 4280 sedis
1449 4227 1601 4280 Pontiiicem

370 4317 398 4371 in
417 4317 508 4373 courir
526 4317 589 4388 fidei
602 4331 749 4386 perperam
768 4315 943 4387 definivisse...
964 4317 986 4368 ll
1007 4317 1037 4368 2:
1057 4316 1154 4370 Omnes
1173 4317 1220 4383 (sc.
1233 4323 1329 4381 patres,
1343 4317 1516 4380 imperatores
1536 4317 1602 4370 cirri·

369 4407 444 4458 silani
464 4409 524 4473 otc.)
544 4407 715 4461 onomaton·
735 4405 783 4473 (sc.
795 4415 906 4474 popum)
919 4403 1008 4458 dubiis
1025 4404 1051 4457 in
1070 4403 1150 4457 rebus
1163 4405 1308 4472 requirunt,
1327 4404 1433 4468 adeunt,
1451 4407 1600 4470 consulunt,

369 4497 541 4563 consultaque
560 4508 606 4550 ceu
626 4495 718 4550 diuino
737 4494 851 4549 oraculo
870 4501 1042 4562 exequuntur.
1062 4493 1099 4546 Ci.
1118 4494 1196 4546 oliam
1218 4491 1253 4546 ib.
1272 4495 1294 4546 ill
1314 4491 1365 4548 lb.
1385 4499 1411 4546 el
1430 4494 1438 4544 l
1458 4492 1483 4544 i.
1503 4493 1510 4544 Ι
1529 4491 1582 4546 ib.
