3378 5082
370 295 414 364 ⁶.)lt
874 313 1090 364 tnreouucrto.

370 545 466 619 anm
488 562 546 608 uon
569 545 679 619 rident,
700 562 759 608 ouo
791 544 965 622 exsibilam,
987 560 1045 608 nou
1076 551 1192 608 tentant
1220 544 1403 616 mortalium,
1425 544 1602 624 quamlibet

372 653 483 715 virtute
504 653 688 731 praeditum,
709 651 876 733 quamlibet
897 651 1087 715 orthodoxae
1120 651 1189 714 lidei
1211 650 1390 714 alumumnl
1410 650 1505 724 Quem
1536 667 1600 713 non

370 767 515 839 separant
535 775 552 821 a
574 759 636 821 ileo
651 759 791 839 adeoque
813 759 843 820 in
865 758 1089 822 haereticorum
1105 757 1278 836 catalogum
1293 758 1437 834 relegant,
1452 759 1602 838 utramvis
1675 743 1676 760 ¹

371 864 575 928 Christianum
598 873 628 929 et
648 865 768 927 Christo
792 866 1039 928 ineucturatttm?
1069 865 1176 946 Neque
1208 865 1300 942 igitur
1330 865 1464 942 graviter
1494 880 1600 945 neque

371 972 529 1036 molestius
551 972 717 1046 terendum,
739 971 892 1051 siquidem
914 987 982 1054 meo
1011 971 1112 1034 udicio
1142 988 1200 1035 non
1223 970 1434 1051 respondeam,
1457 971 1598 1046 horest,

370 1079 394 1140 si
417 1079 509 1142 stultu
531 1080 615 1142 iuxta
638 1078 797 1142 stultitiam
819 1095 906 1140 suam
939 1079 1150 1158 respondeam.
1177 1078 1231 1141 Cui
1267 1078 1344 1141 haee
1372 1077 1531 1140 acerbiora
1558 1078 1602 1139 vi·

369 1185 489 1258 deutur,
512 1186 615 1248 iubeat
636 1202 673 1248 ea
704 1186 805 1256 silere,
826 1185 925 1248 donec
956 1185 1122 1266 aliquando
1154 1185 1245 1248 lectio
1267 1184 1430 1248 iucundior
1450 1183 1599 1246 arrideat.

371 1291 491 1355 interim
520 1300 620 1354 tumen
652 1309 691 1354 ex
722 1292 865 1354 omuibus
896 1280 1094 1355 liumat'titatis
1124 1293 1190 1355 lure
1218 1291 1458 1371 expostulamus,
1481 1299 1515 1353 ut
1537 1309 1600 1352 nou

371 1399 457 1478 prlns
477 1398 621 1461 damnent
642 1405 778 1461 nostrum
801 1397 935 1462 officinm
959 1406 1155 1479 nostramque
1177 1399 1256 1460 lianc
1272 1397 1414 1478 opellam,
1429 1414 1522 1478 qttam
1545 1413 1602 1459 oo·

370 1506 530 1582 gnoverint
552 1505 703 1567 rtuiversa.
724 1505 801 1568 Nam
834 1506 859 1566 si
892 1505 1049 1580 maleficis,
1070 1505 1094 1567 si
1117 1504 1279 1582 sortilegis,
1300 1504 1325 1566 si
1351 1503 1472 1567 sicariis
1493 1503 1600 1566 deleu-

370 1611 461 1674 dendi
483 1612 529 1673 sni
553 1619 688 1690 potestas
709 1612 810 1688 datur,
832 1628 889 1675 eur
910 1629 969 1673 nou
991 1611 1116 1675 dabitur
1138 1611 1169 1674 id
1192 1613 1291 1690 ipsum
1313 1611 1516 1674 orthodoxis?
1538 1627 1599 1672 cur
1675 1685 1676 1690 ἵ

371 1733 429 1780 ιιοιι
452 1719 596 1796 optimis?
619 1735 675 1780 cor
697 1735 756 1781 uon
778 1719 826 1794 ils,
847 1719 898 1799 qul
929 1717 1078 1784 adversus
1109 1718 1220 1780 Christi
1253 1717 1420 1780 Ecclesiam
1444 1716 1519 1778 ntntt
1543 1715 1597 1777 vei

371 1824 556 1887 meditantur
572 1825 617 1886 vel
634 1840 795 1904 perperam
812 1831 965 1887 tentarunt
986 1826 1142 1905 uuquam?
1163 1825 1225 1886 lmo
1241 1824 1293 1904 qui
1317 1829 1377 1887 tam
1394 1823 1466 1886 huic
1480 1821 1599 1884 addicti

369 1939 448 2003 sunl,
471 1938 502 1994 nt
525 1931 648 1994 mallent
670 1932 752 1995 mille
773 1940 920 2011 oppetere
942 1939 1065 2006 mortes,
1084 1947 1178 2011 quam
1213 1931 1258 1993 tel
1291 1931 1386 1994 latum
1408 1931 1537 2008 digitum
1564 1931 1594 1991 in

371 2043 576 2101 transversum
599 2039 639 2100 ab
661 2038 719 2100 hac
741 2041 887 2102 movere?

450 2143 486 2224 (Α
510 2148 541 2224 7)
564 2145 665 2207 Discat
686 2145 822 2225 prudeus
843 2145 947 2216 lector,
970 2145 1044 2207 nihil
1077 2144 1155 2208 adeo
1188 2161 1242 2206 uos
1273 2143 1412 2208 execrari
1435 2150 1528 2224 atque
1550 2157 1600 2204 se·
1675 2165 1676 2190 1

370 2257 490 2326 cluse...
512 2253 588 2314 solat
612 2252 701 2332 vulgo
724 2260 881 2332 receptum
903 2267 986 2315 esse:
1007 2251 1038 2314 Si
1061 2251 1163 2333 pergis
1185 2249 1288 2314 dicere
1309 2267 1388 2331 quae
1411 2250 1465 2322 vis,
1486 2249 1599 2311 audies
1675 2259 1676 2346 j

371 2359 460 2421 etiam
483 2375 562 2438 qtrae
585 2376 642 2422 uon
666 2359 740 2420 vis...
764 2359 988 2438 llespoudimns
1010 2376 1066 2438 pro
1097 2359 1223 2421 veritate
1252 2375 1311 2420 uou
1340 2357 1438 2420 solum
1461 2372 1542 2436 qnae
1567 2356 1598 2416 iu
1675 2423 1676 2444 χ

371 2465 499 2527 buccam
523 2465 640 2544 primus
661 2465 746 2528 calor
769 2467 902 2543 ingessit,
924 2466 977 2529 sed
1008 2482 1089 2546 quae
1121 2464 1270 2527 debemus
1290 2464 1420 2534 Christo,
1441 2479 1521 2544 ottae
1545 2463 1598 2524 de·
1675 2469 1676 2490 l

372 2572 479 2634 bemus
501 2573 581 2646 lirici,
602 2588 682 2653 qnae
704 2572 843 2651 religioni
867 2573 930 2635 toti.

371 455 431 501 nou
453 432 619 518 imponant,
641 438 697 501 nisi
719 439 744 501 si
768 439 820 520 qni
844 439 914 500 lano
935 437 1120 500 oculatiores
1140 439 1201 500 sint
1222 445 1275 500 ant
1295 436 1600 518 circumspectiores.

1675 657 1676 710 l
