3378 5082
376 325 416 372 oc
439 322 553 373 rubbes
577 323 727 372 nncrouts
751 323 1007 372 courururtouts.
1286 310 1305 372 7

171 447 235 510 Tam
257 463 350 525 grate
373 454 403 508 et
424 446 575 509 obiective
598 448 775 510 iniuriosam
793 447 1024 508 insinuationem
1041 448 1147 510 saltem
1171 465 1229 509 oon
1245 448 1308 528 opi·

106 556 178 616 niotte
198 561 321 626 tantum,
342 552 396 616 sed
430 553 755 628 demonstrationem
782 553 871 616 uobis
894 553 1023 630 ridetur,
1049 554 1230 618 confirmare
1259 555 1309 617 de·

106 661 201 724 buissel
220 660 362 724 laudatus
385 662 506 734 tinctor,
529 659 557 722 id
581 659 662 740 qttod
690 660 885 746 nullomodo
917 663 1076 741 praestitit.
1098 662 1136 722 Et
1158 677 1211 723 uos
1239 663 1307 740 otti·

104 767 167 842 dent,
186 769 236 849 qni
269 774 363 830 totam
396 767 637 830 Conlutatlouem
671 767 919 846 transcripsimus
951 775 980 829 et
1008 785 1067 829 uon
1101 768 1307 847 perluuotorie

104 873 246 936 identidem
268 873 484 953 perlustrando
500 873 753 949 examinavimus,
769 890 923 954 ttunquam
941 891 976 935 ue
1001 875 1159 950 vestigium
1182 874 1305 952 nitidem

102 979 156 1042 talis
173 981 377 1042 distinctionis
397 981 563 1042 observare
586 982 757 1059 potttimus;
781 982 881 1043 omnia
905 982 1113 1060 potiusquam
1137 980 1306 1043 clarissime

101 1093 238 1160 testantur,
260 1095 416 1150 auctorem
440 1103 560 1149 omnem
585 1089 741 1149 veritatem
764 1086 928 1150 revelatam
952 1087 990 1150 ab
1014 1087 1147 1149 Ecclesia
1171 1088 1308 1166 proposi-

100 1199 147 1254 tam
168 1195 364 1273 persuasione
385 1209 483 1274 aeque
505 1209 542 1255 ac
565 1194 751 1272 professione
773 1195 924 1272 amplecti.

162 1301 242 1373 utrae
264 1308 366 1363 autem
389 1300 587 1379 praecedunt,
610 1299 722 1363 laudati
741 1301 878 1363 [lectoris
901 1301 1124 1380 praeiudicium
1141 1308 1307 1380 protestan-

96 1406 176 1468 ticum
191 1407 258 1469 luce
273 1407 388 1469 clarius
404 1407 604 1469 manifestant.
620 1407 699 1469 Sane
714 1409 766 1487 qui
783 1407 916 1487 aliquam
934 1407 1100 1469 Ecclesiam
1124 1408 1260 1483 reguiam
1276 1413 1307 1468 et

97 1529 218 1574 normam
241 1513 432 1592 probationis
453 1521 482 1576 ct
504 1513 728 1592 reprobationis
742 1511 905 1593 fnllt'dt'lem
922 1515 1069 1592 agnoscit,
1088 1521 1119 1574 nt
1142 1513 1303 1576 acatholici

95 1619 188 1692 solent,
211 1627 309 1699 potest
333 1622 458 1682 tortasse
480 1621 595 1682 docens
617 1635 736 1682 onmem
772 1621 988 1683 institutionem
1024 1621 1122 1682 eidem
1145 1620 1308 1692 subiicere,

94 1727 157 1804 quin
179 1727 328 1788 meditans
349 1742 471 1788 omuetu
494 1743 580 1788 snam
614 1725 841 1802 intelligentiam
868 1726 1027 1800 subiiciat;
1057 1734 1087 1787 at
1110 1727 1197 1804 lonpe
1219 1726 1307 1787 aliter

94 1842 153 1910 aget
174 1849 243 1896 nere
265 1833 447 1896 catholicus.
469 1834 496 1895 ls
518 1833 598 1894 onim
620 1833 692 1894 dttm
716 1834 810 1895 Dettm
845 1834 1028 1894 revelantem
1050 1833 1149 1896 omnis
1172 1835 1308 1894 veritatis

93 1939 233 2001 revelatae
256 1939 368 2002 fontem
391 1955 568 2018 supremum
591 1947 619 2001 et
642 1940 833 2018 primarium,
855 1955 907 2000 eos
929 1947 1040 2011 aulem,
1063 1957 1118 2018 per
1139 1956 1217 2016 nuos
1246 1951 1308 2000 tau·

92 2061 175 2126 quam
197 2063 309 2124 organa
333 2045 453 2109 locotus
474 2054 519 2108 est
541 2027 629 2120 uotis,
646 2047 707 2108 veri
732 2046 828 2108 lontes
843 2047 997 2107 derivatos
1016 2046 1123 2122 credit,
1140 2046 1306 2108 Ecclesiam

92 2153 217 2230 regulam
239 2162 270 2215 et
292 2169 429 2216 normam
452 2149 651 2233 infallibilem
674 2153 863 2233 probationis
879 2161 908 2214 et
930 2153 1154 2232 reprobationis
1175 2153 1308 2214 admittit

93 2260 176 2338 eique
197 2277 256 2322 uon
278 2258 377 2323 solum
401 2275 520 2322 omnem
544 2260 774 2332 iustitutionem,
801 2259 854 2322 sed
885 2277 1004 2322 ornnem
1027 2277 1113 2322 suam
1144 2259 1309 2339 intelligen-

91 2366 158 2427 tiam
179 2367 357 2429 nbedienter
378 2367 539 2436 submittit,
563 2367 689 2428 tirmiter
710 2383 886 2445 persuasus,
911 2384 977 2429 eam
1000 2367 1104 2428 divino
1126 2366 1235 2445 spiritu
1264 2383 1308 2427 as·

91 2473 207 2534 sistente
229 2473 268 2536 ab
290 2473 372 2536 omni
394 2490 498 2536 errore
522 2473 550 2535 in
573 2473 665 2535 rebus
687 2473 755 2536 lidei
779 2475 981 2552 praeservari.

167 2581 254 2659 utqui
278 2580 348 2642 talis
368 2579 539 2642 catholicus
561 2580 616 2642 luit
636 2587 744 2642 auctor
765 2580 994 2651 continuationis,
1016 2582 1132 2658 quippo
1154 2581 1217 2658 triti,
1241 2580 1307 2657 ipso

93 2685 216 2749 boctoro
231 2687 397 2764 Engelstolt
412 2693 487 2748 teste
509 2687 551 2767 (p.
575 2687 636 2764 lb),
665 2713 677 2740 ι
692 2687 766 2766 quid
784 2703 888 2748 verum
912 2693 941 2746 et
963 2703 978 2746 a
994 2687 1104 2765 spiritu
1120 2694 1225 2747 sancto
1242 2703 1309 2764 pro·

89 2792 195 2855 lectum
215 2797 263 2866 sit,
286 2794 399 2856 indicio
418 2793 574 2855 Ecclesiae
589 2792 835 2872 distinguendum
850 2809 917 2855 esse
933 2791 1042 2854 doceat
1057 2817 1084 2860 ι,
1108 2809 1200 2871 penes
1215 2809 1307 2872 quatu

91 2901 181 2962 solam
206 2916 412 2980 «supremum
434 2907 530 2979 atque,
558 2899 761 2962 certissimum
786 2900 932 2961 iudicium
965 2915 1031 2960 esse
1054 2899 1137 2960 iuitet
1152 2924 1178 2958 ι.
1203 2899 1307 2978 Neque

91 3023 218 3086 unquam
238 3027 298 3088 pro
322 3006 457 3069 Ecclesia
480 3005 606 3068 liberam
629 3007 756 3085 spiritus
777 3007 872 3068 sancti
904 3007 933 3066 io
961 3023 1157 3084 utrocumque
1185 3006 1308 3068 leontino

91 3115 294 3192 operationem
314 3113 486 3176 substituit:
510 3130 577 3176 uam
600 3115 727 3192 spiritus
758 3113 882 3193 quidem
914 3119 1039 3174 sanutus
1067 3112 1173 3186 libere,
1195 3113 1247 3172 sed
1279 3111 1307 3172 iu

90 3235 202 3282 summa
224 3221 389 3282 concordia
412 3235 482 3282 cum
505 3219 641 3284 Ecclesia
664 3220 702 3280 ab
730 3221 796 3298 ipso
824 3220 939 3281 directa
969 3221 1040 3295 agit,
1061 3235 1141 3298 qttae
1174 3219 1203 3278 in
1226 3219 1307 3279 omui

89 3341 157 3389 casu
180 3334 361 3406 potestatem
377 3327 468 3388 babet
485 3326 683 3389 infallibiliter
698 3325 886 3398 declarandi,
914 3325 1015 3404 «uttid
1038 3342 1054 3386 a
1078 3325 1187 3403 spiritu
1203 3333 1309 3386 sancto

91 3434 125 3493 sit
145 3451 182 3496 att
204 3451 265 3495 nou
287 3435 326 3495 sit
348 3433 518 3512 proiectum
534 3457 562 3494 ι.

163 3539 249 3613 Quod
272 3549 374 3602 autem
407 3540 486 3601 idem
521 3539 632 3601 Ductor
662 3539 851 3601 clarissimus
872 3539 914 3618 (p.
937 3539 969 3617 ὅ)
1002 3546 1150 3606 autumat,
1187 3553 1307 3598 «tutum

90 3645 190 3710 deesse
212 3645 291 3708 libro
313 3647 359 3708 sic
381 3645 458 3708 bene
480 3647 660 3724 composito,
681 3645 800 3708 scilicet
820 3643 977 3707 ceritatem
1000 3644 1099 3724 ipsam
1115 3670 1145 3714 ι,
1169 3661 1238 3706 tere
1262 3661 1311 3705 uo·

93 3751 134 3814 bis
155 3753 262 3830 nugari
287 3751 416 3814 videtur.

163 3859 239 3920 Nam
251 3856 408 3920 calinum
420 3857 520 3939 ipsam
530 3858 794 3920 vocatdoottiuam
808 3858 1145 3928 atttLutlterauam‚attt
1157 3855 1311 3928 biblicam,

89 3963 1310 4043 autcatbolicam.utquomodoagnosceturtttvett'tnst'psodoctriualmtlterona,

89 4071 121 4133 de
135 4089 196 4150 qua
221 4071 296 4150 ipsis
311 4071 370 4132 illis
384 4070 494 4134 tiiebus
515 4071 573 4133 sub
590 4071 691 4133 iudice
707 4071 744 4132 lis
758 4078 834 4148 erat,
849 4071 887 4133 de
902 4087 962 4150 qua
978 4071 1208 4151 disceptabatur
1225 4079 1254 4132 et
1269 4070 1312 4132 di·

88 4178 321 4256 sputabaturiet
331 4175 485 4257 quoduam
499 4179 545 4239 ius
558 4177 704 4240 lutberrnt
714 4178 889 4251 bulherum,
899 4179 976 4240 inter
987 4194 1065 4257 quos
1078 4180 1126 4240 Dr.
1137 4175 1310 4254 Engelstoll,

87 4301 168 4348 suam
184 4285 356 4346 doctrinam
374 4283 501 4347 tocaudi
524 4283 681 4346 veritatem
704 4283 816 4364 epotum,
831 4301 900 4346 cuut
918 4301 1006 4346 nemo
1022 4285 1112 4345 iudea
1130 4283 1225 4361 possit
1244 4300 1311 4345 esse

89 4391 113 4452 in
134 4391 261 4472 propria
284 4407 377 4454 causa
399 4399 438 4462 et,
461 4390 543 4468 ‹tuod
566 4393 690 4468 gravius
712 4399 766 4462 est,
787 4391 959 4454 Lutltcrana
989 4391 1127 4452 doctriua
1155 4405 1310 4469 nonquam

88 4499 135 4562 sibi
154 4499 214 4580 ipsi
230 4497 410 4572 constiterit,
425 4497 497 4561 dum
513 4507 649 4561 econtra
667 4495 780 4558 oeta'tos
795 4495 862 4578 ipso
883 4507 929 4560 est
945 4511 1071 4576 prorsus
1094 4495 1311 4558 immutabilis?
