3364 5092
548 309 677 356 annulus
693 308 906 374 ¹corvuvvussus.
1042 321 1046 328 ·
1299 293 1341 358 97

100 431 153 498 nis
176 439 383 512 renovatum,
407 431 462 518 qui
487 432 653 500 Ecclesiam
679 432 733 500 Dei
758 434 954 513 catholicam,
986 440 1050 502 toto
1075 441 1232 502 terrarum
1264 435 1341 502 orbe

99 545 279 622 putentem,
304 536 335 604 in
359 545 464 605 arctos
487 538 718 606 haereticorum
742 540 874 625 angulos
897 541 1084 606 contrahere
1108 547 1266 617 conantes,
1282 539 1339 607 sibi

99 643 179 710 solis
204 661 275 710 eam
299 643 493 711 asserebant.
530 644 565 710 Et
596 644 737 714 videntes
762 645 915 712 Ecclesiae
947 663 980 712 se
1011 647 1112 731 premi
1143 647 1340 726 auctoritate,

97 767 178 816 cnm
205 768 277 817 eam
302 767 418 836 negare
441 768 503 817 non
528 760 655 836 possent
678 752 910 837 scripturarum
937 754 1006 819 luce
1029 753 1244 832 clarissimam,
1276 771 1341 838 quo

97 857 218 924 saltem
243 856 419 936 eluderent,
443 857 612 924 commenti
636 865 711 925 sunt
733 865 828 944 araque
852 858 1016 926 linxerunt
1040 859 1144 926 nescio
1172 877 1267 945 quam
1293 859 1340 925 in-

98 963 264 1030 visibilem
282 965 305 1040 ¹,
328 968 361 1029 et
383 963 452 1030 ideo
476 963 650 1031 Platonicae
674 965 806 1032 similem
837 965 1015 1046 Ecclesiam,
1046 984 1128 1052 quae
1152 984 1209 1034 nec
1240 964 1339 1033 videri

97 1077 224 1154 posset,
248 1086 307 1136 uec
329 1069 443 1148 audiri,
460 1077 570 1156 utpote
593 1071 737 1140 linientes
752 1089 820 1138 eam
838 1091 1008 1140 nnmerum
1025 1072 1339 1159 praedestinatorum,

96 1195 203 1263 quem
227 1177 285 1244 soli
311 1177 374 1244 lleo
389 1177 550 1263 cognitum
575 1196 643 1246 esse
660 1179 768 1267 liquet,
792 1187 902 1246 contra
919 1179 1205 1248 manifestissimum
1221 1179 1338 1246 Christi

97 1283 255 1362 verbum,
280 1302 344 1369 quo
366 1285 427 1349 ait:
455 1284 515 1350 Dic
533 1283 713 1362 Ecclesiae,-
737 1286 825 1373 quod
846 1286 879 1352 sl
895 1284 1075 1352 Ecclesiam
1098 1305 1164 1352 non
1180 1285 1338 1365 audierit,
1362 1297 1438 1395 Maur}-
1455 1297 1489 1350 ιε.

97 1391 148 1456 eit
172 1389 237 1456 riti
258 1390 345 1466 velut
369 1387 530 1457 Elltnicua
545 1398 575 1456 et
596 1390 814 1476 publicanus.
832 1393 868 1458 lt
884 1392 1043 1478 quomodo
1069 1393 1212 1460 dicemus
1236 1392 1338 1458 Eccle-
1437 1383 1442 1396 '

98 1496 170 1564 siae
194 1504 252 1563 aut
274 1495 433 1582 quomodo
456 1497 623 1564 Ecclesiam
647 1497 824 1578 audiemus,
848 1499 873 1565 si
898 1515 1045 1583 prorsum
1070 1498 1258 1565 insensibilis
1283 1515 1339 1564 nec

98 1601 208 1671 videri
232 1620 291 1670 nec
313 1601 414 1669 audiri
439 1611 559 1689 queall

198 1710 306 1790 Porro,
322 1709 405 1797 quod
427 1711 458 1777 iu
483 1711 566 1778 calce
590 1711 802 1796 responsionis
827 1717 948 1800 vestrae
971 1729 1028 1779 uos
1044 1711 1268 1778 inconstantiae
1284 1729 1339 1777 uo-

99 1817 191 1894 talis,
214 1818 412 1897 eonomine,
435 1817 520 1903 quod
544 1817 575 1883 in
600 1818 660 1884 lroc
682 1817 817 1884 articulo
839 1818 927 1903 prius
953 1817 1065 1884 Danice
1091 1817 1179 1884 vobis
1202 1817 1339 1884 oblatoa

99 1923 214 1990 nescio
237 1923 355 2008 quihus
380 1924 484 2010 regiae
507 1923 641 1990 familiae
669 1923 749 1990 citra
780 1925 900 1998 iussum
933 1931 1088 2003 nostrum,
1122 1924 1217 1991 immo
1248 1923 1339 1991 nobis

98 2029 236 2096 omnino
259 2029 382 2109 nesciis,
405 2030 624 2097 accusavimus
647 2047 702 2096 vos
724 2028 869 2097 docuisse
886 2030 1048 2115 populum,
1064 2039 1218 2097 sanctam
1236 2030 1338 2097 Eccle-

99 2137 185 2202 siam
211 2153 268 2220 per
292 2143 338 2202 lot
367 2153 467 2203 anuos
497 2153 638 2214 errasse;
670 2143 740 2221 post
769 2154 845 2202 vero
877 2136 907 2202 in
940 2135 1047 2202 eodem
1082 2136 1175 2204 latine
1205 2135 1337 2215 reddito,

99 2239 305 2327 praedicasse
322 2259 378 2308 vos
401 2241 584 2326 simpliciter
608 2241 774 2308 Ecclesiam
799 2259 933 2320 errasse,
957 2242 1140 2326 quasivero
1164 2242 1194 2308 id
1211 2249 1297 2308 certo
1320 2261 1339 2308 a

98 2347 197 2414 nonis
220 2346 350 2414 consilio
374 2352 530 2430 mutatum
547 2347 598 2426 sil,
614 2365 687 2413 cum
712 2348 802 2431 prius
819 2347 895 2413 illud
912 2348 1057 2414 evincere
1079 2348 1337 2432 desperaremusa

99 2491 148 2503 -
172 2453 247 2538 quis
270 2471 332 2520 non
357 2453 487 2520 irrideat
510 2453 633 2520 inanem
657 2453 869 2538 argutiolam?
893 2454 983 2520 Nulla
1007 2453 1089 2520 euim
1115 2453 1145 2519 id
1177 2461 1263 2521 certa
1287 2472 1338 2519 ra-

101 2561 191 2626 tione
214 2559 358 2638 lecimus
382 2567 414 2626 al
437 2559 606 2645 utriusque
630 2559 806 2645 proprietas
830 2559 955 2644 linguae
979 2578 1036 2626 sua
1063 2569 1173 2646 sponte
1198 2560 1256 2626 lvoc
1289 2576 1336 2626 se·

99 2685 179 2734 cum
202 2665 319 2733 attulit.
344 2665 420 2732 Nam
445 2675 481 2732 ul
506 2665 537 2732 iu
562 2666 669 2751 lingua
699 2672 839 2733 nostrate
870 2665 1054 2733 Germanica
1086 2684 1209 2750 semper
1235 2665 1338 2732 Eccle-

100 2773 184 2839 siam
207 2771 329 2839 adiecto
344 2769 455 2838 suncti
470 2771 613 2857 Epitheto
636 2771 822 2838 nominitare
846 2772 993 2850 solemus
1011 2771 1053 2837 ita
1076 2789 1203 2858 ursoque
1228 2771 1258 2837 in
1281 2770 1338 2838 lin-

99 2898 168 2966 gua
192 2884 329 2946 vestrate
353 2878 468 2945 llauica
490 2877 603 2965 opinor
633 2877 824 2964 contingere,
857 2879 975 2964 quippe
1005 2897 1101 2964 quiam
1133 2877 1337 2944 Germanicae

102 2987 234 3072 linguae
257 2987 414 3053 aemulam
437 2991 469 3052 et
492 2985 689 3052 imitatricem
723 3003 791 3051 esse
821 2985 1106 3052 animadverterim.
1140 2981 1206 3066 (61)
1238 2986 1274 3050 ll
1306 2984 1336 3051 in

102 3095 245 3160 Romana
263 3093 369 3178 lingua
394 3108 459 3160 rem
484 3109 576 3160 secus
600 3091 717 3158 habere
740 3092 813 3177 quis
836 3091 956 3158 nescit?
979 3091 1033 3158 ubi
1058 3109 1150 3178 saepe
1174 3091 1253 3158 citra
1269 3091 1338 3158 eius

102 3199 241 3286 Epitheti
266 3197 472 3266 adiectionem
498 3198 633 3265 Ecclesia
655 3197 848 3276 nominatur,
871 3197 1001 3282 adeant
1023 3217 1062 3265 ne
1087 3217 1185 3265 unvvm
1208 3198 1335 3284 quidem

103 3308 210 3374 locum
234 3304 311 3372 milri
335 3304 485 3373 dederitis
508 3323 547 3371 ex
573 3304 719 3371 omnibus
743 3304 847 3371 bibliis
870 3305 914 3382 (ni
933 3312 1034 3372 umen
1053 3305 1196 3372 rue-fallit
1221 3323 1337 3370 memo

103 3415 177 3496 ria),
200 3413 232 3478 in
257 3430 322 3498 quo
344 3411 404 3478 hoc
429 3411 572 3497 Epithelo
594 3411 672 3478 citra
690 3411 826 3478 medium
850 3410 980 3490 adiecto,
997 3411 1133 3478 Ecclesia
1147 3419 1268 3478 sancta
1284 3429 1337 3476 vo·

103 3527 207 3598 cetur,
232 3517 356 3585 tametsi
382 3517 548 3584 Ecclesiam
569 3525 708 3584 sanctam
732 3535 800 3584 esso
826 3516 972 3602 pluribus
996 3516 1027 3583 in
1053 3517 1128 3584 locis
1151 3524 1259 3602 aperte
1281 3516 1337 3583 do-

104 3633 205 3692 ceant.
230 3627 330 3710 Atque
354 3643 415 3692 usu
441 3624 526 3692 venit
549 3625 608 3691 lvoc
633 3625 700 3691 loco
723 3623 801 3691 illud
825 3624 856 3689 iu
880 3641 1053 3708 puerorum
1080 3623 1161 3690 ludis
1186 3623 1263 3690 tradi
1286 3641 1334 3689 so·

107 3733 211 3810 litum,
244 3747 353 3798 vocem
388 3730 418 3796 in
451 3730 682 3815 complusculos
713 3738 768 3796 aul
800 3728 1023 3814 significantias
1055 3735 1110 3796 aut
1140 3729 1336 3813 acceptiones

104 3839 263 3915 diffusam,
286 3835 461 3904 cuiusmodi
487 3837 639 3904 Ecclesiae
663 3855 774 3903 nomen
799 3842 857 3914 est,
881 3853 938 3920 per
953 3853 988 3902 se
1011 3836 1175 3920 prolatam,
1201 3835 1231 3900 in
1255 3835 1337 3902 ccle-

106 3945 202 4013 briori
228 3943 406 4029 significatu
430 3961 498 4012 esse
525 3943 719 4022 sumendam,
744 3943 847 4027 qualis
879 3942 930 4009 hic
953 3951 1017 4008 est:
1050 3939 1169 4010 Saucia
1199 3937 1336 4010 Ecclesia

106 4047 276 4122 munuca.
301 4049 418 4117 ldcirco
441 4051 564 4135 quoties
588 4049 740 4116 Ecclesiae
765 4067 875 4116 nornen
902 4067 958 4134 per
981 4067 1014 4116 sc
1037 4048 1164 4128 dicitur,
1188 4067 1224 4115 oa
1245 4048 1336 4115 intel-

105 4157 156 4244 ligi
172 4157 297 4224 assolet.
316 4157 421 4242 Neque
437 4155 643 4242 desperamus
658 4156 761 4223 adhuc
776 4155 931 4232 evincere,
945 4173 1000 4221 vos
1012 4155 1155 4221 docuisse
1172 4154 1335 4239 populum,

104 4273 257 4332 cunctum
287 4261 453 4330 Ecclesiam
478 4279 612 4342 errasse,
636 4261 712 4348 quin
738 4261 829 4328 modo
860 4261 1035 4328 evicimus?
1061 4260 1214 4328 llocuistis
1241 4259 1335 4338 enim,

175 4495 185 4527 ¹
205 4495 348 4570 Ecclesiam
368 4505 423 4550 non
443 4507 500 4548 ease
519 4491 677 4548 inedibilem
696 4491 823 4558 probatur
841 4493 868 4544 in
887 4490 1002 4546 Mouudc
1021 4505 1045 4546 c.
1064 4491 1088 4544 l.
1108 4492 1127 4544 L
1146 4505 1186 4560 sq.

1211 4597 1227 4651 7
