3364 5092
508 329 637 376 raarrus
660 326 866 377 coucnsssus.
1033 369 1036 376 ,
1236 305 1298 374 lid

82 459 135 518 teni
160 455 316 538 praesenti
354 461 501 539 tanqmm
535 453 629 520 vestri
661 451 861 520 immemores
892 451 1014 518 easdem
1040 451 1070 517 in
1102 450 1300 517 veneratione

81 567 265 638 sanctorum,
298 561 506 646 reliquiarum
536 567 567 627 et
599 559 769 644 imaginum
801 576 875 625 cum
908 557 1063 644 vituperio
1095 557 1223 624 reiicitis
1246 563 1301 623 aut

80 674 157 732 certe
181 686 244 734 non
269 687 325 753 per
350 667 454 734 omnia
478 667 626 753 probatis.
908 733 910 747 ,

160 773 309 842 Ceterum
335 791 438 860 neque
462 773 513 840 liic
536 781 593 852 est,
617 791 681 859 qrro
705 773 735 839 in
762 771 879 839 malitia
903 778 1006 838 vestra
1023 778 1171 856 tanquam
1196 770 1303 836 inven-
1338 785 1449 843 aaran

80 887 158 946 tores
181 881 254 948 noti
278 881 433 967 dogmatis
456 879 641 966 gloriemini.
667 880 741 946 Nam
767 879 853 964 qrrod
875 879 912 945 ad
938 885 1062 946 sanctos
1095 885 1127 944 et
1155 877 1304 963 reliquias
1322 839 1472 991 οῗιῗῗὲξὶἶιι

78 986 195 1066 attinet,
221 997 312 1054 retus
333 985 412 1055 est*
436 1005 528 1055 error
552 985 702 1065 Basilidis,
728 985 880 1064 Eunomii,
906 985 1052 1051 loriniani
1082 989 1114 1050 et
1137 982 1303 1070 Vigilantii,
1329 958 1390 1004 m
1430 957 1455 988 ¹¹⁸

78 1099 106 1157 et
127 1093 168 1158 ao
192 1095 260 1179 ipso
284 1093 508 1179 gloriosissimo
532 1093 719 1177 Hieronymo
742 1092 942 1176 iampridem
968 1091 1116 1176 peculiari
1146 1090 1304 1157 volumine

79 1198 274 1280 conlutatns;
299 1200 411 1268 deinde
435 1208 505 1284 post
527 1200 647 1285 aliquot
681 1199 787 1266 secula
820 1217 839 1264 a
866 1197 1019 1276 catharis,
1052 1197 1199 1282 l'igardis
1236 1197 1305 1263 Val-

80 1302 238 1384 densilrus,
261 1306 424 1374 Viclericis
446 1314 478 1373 et
501 1305 661 1372 llussianis
683 1305 808 1371 diverso
826 1313 965 1390 tempore
980 1311 1012 1371 et
1035 1305 1103 1370 loro
1127 1310 1304 1371 renovatus.

82 1411 167 1493 Quod
194 1432 268 1480 vero
292 1413 330 1479 ad
355 1412 505 1498 imagines
528 1413 674 1498 pertinet,
698 1419 745 1479 est
769 1412 908 1479 haeresis
930 1412 1104 1478 Feliciana¹
1123 1411 1154 1477 in
1177 1410 1307 1476 concilio

83 1515 315 1587 l'ranclordensi
339 1519 379 1586 ad
403 1521 545 1586 Moenum
571 1519 726 1597 damnata,
750 1537 846 1604 qoam
883 1525 990 1603 postea
1021 1517 1251 1585 resuscitarent
1275 1517 1305 1582 in

85 1622 228 1693 Bohernia
250 1626 391 1712 Orphani
415 1633 447 1692 et
469 1626 666 1693 Thaboritae.
691 1625 767 1710 Quis
790 1643 867 1710 ergo
889 1643 951 1691 non
976 1624 1058 1692 ridet
1080 1625 1308 1710 huncquoque

84 1723 252 1800 articulum
278 1733 367 1800 rolris
390 1733 509 1818 optimo
533 1734 602 1800 iure
625 1732 795 1811 obiectum,
818 1751 836 1799 e
859 1751 923 1818 quo
940 1739 1065 1817 praeter
1081 1738 1146 1798 tres
1163 1731 1308 1797 haereses

87 1835 145 1902 iam
169 1839 241 1906 olim
265 1839 488 1906 condemnatas
510 1847 556 1906 tot
579 1847 692 1906 exorta
722 1839 785 1905 sint
819 1837 1048 1923 praedicatione
1072 1844 1177 1904 vestra
1199 1838 1230 1903 in
1255 1855 1309 1922 po

89 1943 161 2025 pulo
185 1947 337 2014 scandala.

439 2156 530 2242 ooo)
555 2157 759 2226 loricatus
781 2158 962 2225 omarus

177 2371 302 2439 Nullum
327 2388 396 2438 esse
419 2377 489 2456 post
513 2379 646 2438 mortem
671 2371 888 2456 purgatorium
906 2388 963 2437 nec
979 2371 1074 2436 ullam
1091 2370 1214 2456 culpam
1240 2388 1311 2455 poe-
1337 2385 1482 2484 magno·

95 2491 202 2544 oamve
226 2477 341 2545 remitti
368 2486 437 2563 post
461 2478 541 2544 hanc
565 2479 697 2544 uitam²

615 2689 789 2779 Responsio.

181 2903 266 2970 llunc
283 2903 453 2972 articulum
470 2903 678 2990 agnoscimus
694 2904 841 2989 qaroniam
854 2901 886 2936 **
907 2904 1054 2971 canonica
1070 2904 1228 2990 scriptura
1243 2923 1318 2972 nos-

96 3027 186 3094 quam
211 3011 353 3078 meminit
377 3011 568 3097 purgatorii3
595 3010 677 3077 unde
701 3029 762 3078 non
800 3009 914 3077 iniuria
945 3011 1113 3090 credimus,
1138 3011 1318 3079 huiusmodi

98 3117 312 3202 purgatorium
337 3119 564 3185 monachorum
588 3135 625 3184 ac
659 3117 909 3184 sacrificulorum
941 3117 1096 3184 somnium
1128 3135 1195 3184 esse
1218 3125 1250 3184 et
1273 3117 1320 3184 in·

100 3232 234 3302 rentum,
259 3232 295 3290 ut
318 3241 377 3291 suo
401 3225 501 3291 ventri
526 3233 558 3291 ct
583 3225 662 3291 vitre
687 3225 717 3290 io
741 3225 804 3290 otio
827 3223 984 3309 degendae
1000 3223 1226 3309 prospicerent.
1243 3225 1318 3291 llam

98 3327 239 3398 Christus
264 3331 304 3398 lo.
332 3333 390 3396 la:
418 3331 538 3398 Omnia
563 3331 691 3417 (iuquit)
715 3351 800 3420 qaino
823 3331 936 3416 occepi
957 3349 981 3396 a
1003 3339 1110 3416 putre,
1127 3331 1256 3398 tradidi
1272 3351 1322 3397 uo·

99 3435 164 3516 bir,·
187 3438 241 3506 sed
265 3437 304 3506 de
328 3439 511 3524 purgatorio
534 3439 612 3506 nihil
637 3439 761 3506 locutus
784 3445 831 3505 est
855 3456 988 3524 usquam
1013 3438 1043 3504 in
1067 3437 1258 3523 Evangelicis
1289 3438 1323 3504 li-

100 3545 180 3612 teris.
207 3546 314 3630 ltaque
337 3545 453 3632 psaltes
475 3545 527 3614 ille
550 3545 675 3613 divinus
699 3545 795 3612 David
821 3545 897 3612 Psal.
915 3545 967 3611 ta.
990 3552 1105 3612 statum
1122 3563 1231 3612 eorum
1254 3545 1322 3632 (qui

98 3653 198 3718 carnis
223 3652 304 3719 mole
327 3651 416 3720 exuti
441 3659 529 3734 sont)
553 3653 710 3720 silentium
737 3661 835 3730 sucat,
859 3652 942 3738 ‹puod
968 3670 1079 3737 parma
1104 3651 1180 3718 certi
1204 3653 1262 3718 lrac
1284 3652 1322 3720 de

149 3786 169 3818 ·“
190 3789 274 3832 ‹etti›
295 3786 369 3833 deest.

159 3867 182 3886 '⁸
200 3866 303 3924 quarrdo.

169 4081 178 4111 ¹
200 4079 333 4136 Felicitani
351 4082 481 4148 isocratici,
500 4094 605 4135 auctore
624 4083 741 4150 qarodam
763 4080 856 4147 Felice,
879 4081 1017 4136 Christum
1036 4083 1158 4134 dixerunt
1177 4083 1258 4134 lilium
1279 4081 1324 4135 Dei

99 4171 265 4237 adoptivum,
285 4185 335 4224 nou
355 4173 515 4234 nattrralem;
534 4171 683 4224 nitebantur
702 4170 736 4222 ab
756 4172 867 4223 Ecclesia
894 4174 998 4223 auterre
1017 4177 1166 4224 sanctorum
1188 4171 1326 4236 imagines.

101 4261 197 4312 Eorum
210 4273 285 4312 error
297 4259 487 4313 condemnatus
499 4267 537 4312 ost
551 4274 620 4312 anuo
632 4261 683 4312 'tot
697 4259 748 4312 sub
761 4259 928 4312 Constantino
943 4261 984 4312 Vl.
996 4267 1021 4312 ot
1034 4260 1166 4312 llodriano
1179 4262 1196 4312 l.
1209 4260 1326 4327 itemquo

103 4349 126 4400 in
135 4349 246 4402 concilio
256 4348 463 4402 Franclordonsi.
473 4377 508 4389 -
517 4349 554 4402 Cl.
566 4356 652 4401 tamen
665 4347 873 4417 llerpcnriitlter,
883 4349 1089 4413 llirctrangesclr.
1101 4349 1118 4400 l.
1128 4351 1164 4414 (t.
1174 4349 1253 4416 aluit.)
1266 4351 1326 4402 555.

171 4437 241 4491 ²Ci.
262 4436 345 4492 Encd.
365 4453 387 4491 c.
409 4439 451 4490 l8.
469 4439 490 4505 Q
510 4441 525 4491 2
545 4447 608 4492 etc:
628 4437 788 4491 «Nonnullis
805 4437 945 4490 animabus
964 4445 1023 4504 post
1042 4445 1152 4490 mortom
1173 4453 1202 4490 es
1222 4438 1327 4492 divinae

104 4527 215 4580 iustitiae
233 4527 340 4580 decreto
358 4533 446 4580 certos
464 4527 618 4592 expiationis
638 4528 710 4580 locus
729 4527 872 4594 deputatus
890 4535 929 4580 est
942 4545 968 4578 ι.
