3390 5096
347 320 410 386 198
662 337 858 388 consummo
880 337 1112 388 aornauamsur
1135 337 1253 387 uanior.

345 461 450 528 minus
473 468 595 529 castum
618 462 768 541 asseritis,
790 469 822 530 et
843 461 957 530 diaboli
980 479 1050 530 esse
1073 462 1235 530 inventum
1259 481 1321 530 nou
1345 461 1517 549 denegatis,
1534 461 1581 529 ad

344 585 438 654 quam
461 567 638 636 sacerdotes
661 568 808 636 humanis
829 567 964 636 decretis
979 565 1072 653 (169)
1087 567 1268 654 adiguntur,
1292 567 1398 648 idest,
1423 569 1583 636 Ecclesia-

344 673 412 742 stici
438 673 534 742 moris
555 675 741 742 caelibatum
766 681 797 742 et
819 673 1051 760 obligatorium,
1075 674 1266 761 etquidem,
1290 682 1326 742 ut
1346 674 1582 752 animadverto,

344 779 459 866 duplici
483 787 689 866 argumento:
713 780 852 847 Primum
885 781 943 847 bac
974 779 1105 860 ratione,
1129 781 1276 866 quoniam
1302 781 1438 848 Ecclesia
1462 780 1582 848 buius-

345 885 426 952 modi
450 886 577 953 decreto
600 887 799 966 caelibatum,
822 904 917 972 quem
950 887 1033 954 Deus
1064 887 1199 954 libcmm
1220 885 1236 918 *
1261 887 1410 955 omuibus
1445 887 1584 972 reliquit

345 991 569 1072 sacerdotibus,
593 993 805 1060 necessarium
828 992 977 1072 efficiens,
992 1010 1119 1078 gravem
1140 993 1346 1060 muscientiae
1362 993 1511 1078 laqueum
1527 993 1583 1059 eis

189 1109 285 1220 (agap
301 1111 321 1164 ⁷.
345 1097 444 1166 inlicit
466 1105 576 1166 contra
605 1099 780 1166 doctrinam
811 1097 1016 1185 aposcolicam
1043 1102 1071 1165 l.
1095 1099 1165 1166 Cor.
1190 1103 1222 1165 7.
1247 1136 1292 1146 —
1320 1099 1372 1165 llic
1405 1098 1584 1185 responde-

344 1221 426 1284 mus,
451 1205 618 1272 Ecclesiam
642 1204 719 1272 nulli
745 1205 804 1272 bac
827 1205 858 1271 in
883 1222 918 1272 ro
942 1205 1090 1290 laqueum
1114 1205 1259 1284 iniicere;
1285 1224 1346 1273 non
1377 1205 1461 1272 euim
1485 1223 1582 1290 prae

276 1305 283 1328 ⁸
345 1310 420 1396 cipit
443 1311 535 1379 alicui
559 1311 654 1378 vitam
679 1320 833 1397 perpetuo
856 1311 1017 1389 caelibem,
1033 1311 1297 1398 quemadmodum
1313 1291 1479 1396 lpos'tolus
1493 1329 1583 1397 quo

345 1434 407 1503 que
430 1415 506 1483 dicit
528 1433 562 1483 se
585 1417 750 1483 consulere
774 1423 907 1495 aarum,
931 1435 992 1483 non
1017 1417 1198 1502 praecipere
1225 1417 1449 1503 virginitatem,
1466 1417 1579 1484 necui

345 1523 495 1608 laqueum
520 1522 644 1589 inliciat.
672 1523 787 1589 Verum
811 1540 853 1590 ox
878 1521 1058 1608 magisterio
1080 1523 1211 1608 spiritus
1234 1523 1331 1590 sancti
1358 1523 1458 1608 legem
1481 1529 1581 1589 natu-

346 1645 411 1706 rae,
434 1629 582 1714 scriptam
606 1635 638 1696 et
659 1628 778 1714 gratiae
801 1637 919 1708 secuta
943 1628 1016 1696 binc
1047 1637 1176 1715 propter
1210 1645 1365 1696 summam
1399 1628 1580 1714 Evangelici

346 1733 509 1804 sacerdotii
533 1735 727 1820 dignitatem,
751 1734 823 1802 iude
846 1743 975 1821 propter
1008 1734 1136 1822 prolana
1165 1742 1198 1803 et
1226 1733 1352 1802 sordida
1375 1742 1477 1802 status
1498 1753 1583 1801 con-

347 1841 459 1927 iugalis
481 1857 578 1909 ouera
600 1841 772 1920 coustituit,
796 1859 835 1908 ue
866 1842 916 1909 cui
948 1843 1046 1910 sacris
1081 1842 1194 1908 initiari
1228 1841 1318 1909 liceat
1340 1841 1517 1921 ordinibus,
1543 1843 1580 1909 ni

347 1948 496 2016 caelibem
520 1947 667 2033 deinceps
690 1949 784 2016 vitam
810 1955 963 2034 perpetuo
985 1967 1019 2016 se
1042 1948 1201 2016 victurum
1220 1949 1382 2035 pmmittat
1397 1966 1435 2014 ari
1451 1959 1582 2029 voveat,

347 2053 442 2140 idque
464 2053 626 2121 coustituit
649 2072 710 2121 non
743 2055 851 2141 pueris
873 2061 929 2122 aut
962 2054 1221 2134 adolescentibus,
1253 2055 1306 2122 sed
1338 2054 1454 2122 adultis
1486 2055 1582 2135 viris,

347 2161 401 2246 qui
427 2159 486 2226 iam
510 2159 611 2226 sciant
632 2159 748 2246 eligere
772 2160 889 2227 bonum
912 2167 943 2228 et
967 2160 1137 2245 reprobare
1154 2161 1281 2227 malum.
1299 2159 1386 2227 Unde
1401 2161 1582 2228 caelibatus

348 2266 475 2352 quidem
499 2273 625 2351 semper
648 2273 753 2334 manet
776 2267 866 2346 liber,
890 2274 922 2333 at
946 2268 1069 2334 voventi
1093 2267 1129 2334 lit
1145 2267 1350 2335 necessarius.
1368 2271 1403 2334 llt
1418 2267 1491 2353 quis
1508 2273 1584 2334 tan-

347 2373 418 2440 dem
442 2379 490 2440 est
514 2372 656 2459 laqueus,
680 2373 704 2440 si
729 2373 802 2459 quis
824 2373 862 2440 ad
886 2374 945 2440 boc
969 2373 1194 2459 obstringetur,
1218 2373 1301 2460 quod
1326 2373 1403 2459 ipse,
1426 2373 1502 2440 dum
1526 2391 1584 2440 sa-

348 2477 486 2546 cerdotio
502 2478 587 2564 iungi
605 2479 738 2556 volebat,
763 2479 848 2546 ultro
862 2497 899 2546 ac
915 2486 1025 2564 sponte
1041 2479 1207 2564 promisitt
1223 2479 1443 2564 vulgatissima
1459 2479 1583 2565 quippe

349 2585 458 2670 regula
480 2591 544 2652 est:
569 2585 688 2653 Valenti
714 2604 776 2652 nou
800 2585 836 2652 fit
858 2585 983 2652 iniuria
1004 2585 1158 2670 Quocirca
1184 2585 1209 2652 si
1233 2585 1307 2671 quis
1329 2585 1390 2652 bac
1405 2585 1584 2654 caelibatus

349 2690 416 2776 lege
438 2691 567 2776 astringi
592 2691 678 2769 nolit,
703 2691 800 2758 sacris
829 2709 958 2777 quoque
988 2691 1152 2758 ordinibus
1183 2691 1345 2759 abstineat.
1379 2691 1461 2757 Nulli
1494 2692 1582 2758 enim
1689 2773 1690 2784 χ

348 2797 508 2882 praecepit
539 2797 673 2864 Ecclesia
704 2815 807 2883 neque
841 2796 1050 2865 sacerdotium
1082 2815 1185 2883 neque
1220 2797 1417 2865 caelibatum.
1450 2799 1487 2863 bt
1520 2797 1584 2865 buc

350 2901 519 2981 mandavit,
544 2910 579 2970 ut
609 2903 633 2970 si
666 2903 739 2988 quis
774 2903 847 2970 velit
882 2903 949 2970 lieri
981 2904 1137 2984 sacerdos,
1162 2904 1189 2970 is
1213 2903 1243 2970 in
1268 2911 1430 2989 posterum
1455 2903 1585 2971 caelebs

352 3008 445 3074 vivat.
472 3007 540 3075 ldeo
563 3026 596 3076 se
619 3009 755 3094 quisque
778 3010 900 3095 probet,
923 3018 1092 3095 antequam
1116 3027 1222 3078 sacros
1246 3007 1372 3076 accedat
1387 3009 1526 3089 ordines,
1543 3019 1586 3076 ut

351 3114 548 3199 postmodum
573 3115 725 3183 adversus
749 3123 880 3183 matrem
905 3115 1070 3183 Ecclesiam
1094 3115 1339 3183 obmurmurare
1356 3113 1486 3182 desinat.
1505 3116 1585 3181 Pru

350 3220 422 3288 inde
448 3239 509 3286 non
541 3221 592 3288 lex
625 3221 796 3290 caelibatus
826 3229 874 3290 est
907 3220 1093 3301 damnanda,
1125 3221 1178 3289 sed
1208 3221 1312 3307 potius
1343 3223 1426 3303 (mea
1448 3221 1583 3307 quidem

351 3328 518 3409 mannua)
543 3327 660 3395 maiore
676 3330 795 3408 aetatis,
817 3329 963 3396 scientiae
985 3346 1022 3396 ac
1047 3328 1173 3396 uirtutis
1195 3327 1316 3395 ratione
1336 3327 1453 3406 habita,
1471 3328 1586 3394 nrulti-

352 3432 428 3500 tudo
452 3433 649 3501 sacerdotum
675 3442 738 3501 tam
763 3452 856 3502 sensu
880 3451 974 3520 quam
998 3441 1099 3501 aetate
1122 3435 1247 3521 saepius
1275 3433 1380 3501 adbuc
1404 3451 1585 3520 puerorum

352 3539 533 3620 coircenda,
557 3557 637 3626 quos
662 3540 795 3608 maiores
818 3540 916 3608 nostri
940 3541 1113 3626 apostolico
1138 3559 1224 3607 more
1245 3540 1457 3627 presbyteros,
1474 3539 1504 3606 id
1521 3547 1585 3619 est,

352 3645 491 3712 seniores
521 3645 679 3732 appellare
711 3647 902 3714 maluerunt.
933 3683 970 3695 -
994 3646 1110 3714 Deinde
1143 3665 1218 3714 vero
1250 3647 1334 3714 Pauli
1365 3644 1585 3714 testimouium

193 3759 329 3870 (affin
351 3750 484 3818 adiicitis
520 3755 547 3818 l.
583 3753 661 3819 Tim.
693 3753 736 3832 la,
767 3771 831 3840 quo
862 3754 929 3820 loco
965 3752 995 3819 iu
1028 3753 1105 3820 haec
1136 3754 1232 3821 rerba
1267 3752 1392 3820 scribit:
1431 3750 1585 3837 Spiritus

352 3867 440 3925 certo
462 3857 621 3946 loquitur,
645 3861 733 3946 quod
756 3860 792 3926 in
812 3858 1052 3945 posterioribus
1075 3858 1275 3946 mnporilrus
1291 3854 1379 3943 (170)
1403 3857 1587 3925 desciscent

351 3965 491 4054 quidam
514 3984 536 4032 a
558 3963 623 4050 fiale
645 3966 843 4033 attendentes
864 3965 1100 4052 spiritualibus
1134 3964 1373 4050 impostoribus
1395 3981 1437 4031 oc
1459 3963 1586 4029 doctri·

352 4071 406 4138 nis
428 4071 693 4150 daemoniorum,
714 4091 776 4158 per
798 4071 1044 4139 simulationem
1066 4069 1326 4160 falsiloquorum
1349 4069 1499 4137 acaurio
1521 4087 1587 4136 no-

353 4185 458 4244 tatam
482 4173 673 4243 laudantium
695 4177 941 4257 aemulantium,
964 4175 1209 4263 prohibentium
1243 4173 1438 4270 contradere
1461 4177 1587 4241 matri-

352 4283 502 4350 monium
526 4289 584 4349 etc.
610 4283 663 4350 llic
686 4283 829 4362 dicimus,
854 4284 1034 4368 apostolum
1059 4283 1118 4350 boc
1142 4285 1209 4351 loco
1232 4281 1271 4350 de
1287 4281 1349 4349 illis
1364 4281 1586 4362 vaticinatum,
1689 4311 1690 4316 ,

353 4389 407 4475 qui
432 4397 538 4475 postea
561 4389 664 4457 exorti
686 4389 812 4475 nuptias
828 4389 858 4456 iu
876 4398 975 4457 totum
993 4389 1198 4474 prohiberent
1212 4395 1308 4475 atquo
1324 4379 1586 4468 condemnarent,

417 4523 427 4543 ‘¹
448 4520 592 4568 «liberum»
613 4522 688 4569 daosl.
