3364 5092
509 287 639 338 renrrus
661 287 867 338 connnnssns.
1239 268 1301 336 139

78 413 189 480 mortui
214 432 278 482 non
303 421 366 480 lam
391 413 565 500 cognitione
588 421 619 481 et
642 413 766 492 allecto,
790 431 885 498 quam
910 414 972 480 situ
996 420 1116 480 matrim
1141 419 1172 480 et
1195 412 1303 479 locoa

77 520 162 587 nobis
185 521 324 606 separati
350 527 442 598 sunt;
466 518 617 586 eburnas
641 521 722 586 enim
740 519 837 594 (irride
854 526 963 586 mutua
979 519 1202 586 beneficiorum
1221 519 1302 586 inter

77 627 217 694 bomines
254 628 379 694 collatio
415 627 638 712 proficiscitur)
669 627 813 712 Apostolo
849 633 926 693 teste
958 645 1133 714 nranquum
1170 625 1301 694 excidit.
1319 637 1471 692 neuras.

75 731 183 799 Omnia
207 753 286 802 vero
309 734 348 800 ad
371 751 405 800 se
430 734 616 819 pertinentia
652 735 681 800 in
706 736 834 819 speculo
858 734 1018 802 Trinitatis
1042 733 1155 800 vident.
1189 735 1224 800 lt
1247 733 1302 800 ob

75 839 195 907 ‹lua-atis
220 849 252 908 et
275 860 294 907 a
319 843 382 908 Deo
405 842 436 907 in
468 841 638 927 reprobum
670 859 800 908 sensnm
820 841 901 908 datis
925 841 1067 909 satisfieri
1098 848 1199 926 potest
1223 859 1303 907 narn·

75 963 177 1031 quam.

162 1054 228 1120 lam
260 1073 338 1122 vero
368 1055 452 1141 quod
483 1056 626 1134 subditis
659 1055 745 1121 nullo
781 1073 835 1122 vos
868 1053 1144 1122 dehonestamento
1178 1054 1304 1122 allicere
1325 1065 1472 1122 Deceliam·-

76 1170 257 1227 sanctorum
284 1162 432 1248 reliquias
456 1169 487 1228 et
510 1162 671 1248 imagines,
691 1161 830 1228 ooceuoo
847 1169 1027 1227 sanctorum
1053 1161 1120 1246 (qui
1138 1161 1301 1227 nobiscnm

76 1267 104 1332 in
128 1268 188 1336 bac
214 1269 340 1336 mortali
364 1287 458 1336 carne
493 1274 734 1352 conversantur)
759 1269 930 1335 nuditatem
964 1269 1081 1334 rectius
1105 1268 1199 1335 levari
1224 1287 1303 1335 auro

76 1380 103 1437 et
126 1383 272 1459 argento,
296 1393 391 1460 quam
416 1375 565 1461 reliquias
598 1384 629 1442 et
660 1381 779 1442 statum
810 1376 841 1441 in
875 1375 998 1460 templis
1029 1374 1089 1441 illis
1120 1383 1303 1459 sumptuose

75 1482 178 1546 ornari
206 1499 279 1548 cum
306 1500 417 1568 magna
441 1499 617 1568 pauperum
643 1483 768 1561 iniuria,
800 1491 831 1549 et
862 1483 992 1566 proinde
1023 1489 1202 1549 sanctornm
1233 1499 1304 1550 ossa

78 1585 163 1652 buuri
189 1587 374 1656 defodienda
389 1595 474 1656 esse:
491 1627 535 1637 —
559 1589 707 1674 prolecto,
731 1589 932 1656 inlelicissimi
959 1589 1149 1667 mortalium,
1166 1589 1225 1656 boe
1250 1607 1304 1656 ros

78 1693 216 1762 scribere
240 1695 334 1780 cogit,
358 1696 419 1760 imo
444 1713 499 1780 per
518 1714 571 1762 vos
596 1695 736 1781 loquitur
760 1697 889 1781 spiritns
914 1696 965 1762 ille
993 1696 1174 1764 immundus
1196 1703 1227 1763 et
1250 1699 1303 1763 Sa-

81 1803 165 1866 tanas
190 1805 220 1867 in
245 1801 392 1886 angelum
417 1801 496 1868 lucis
512 1820 545 1868 se
564 1802 801 1887 transfigurans,
819 1808 986 1887 praetextu
1003 1820 1098 1869 curae
1116 1821 1303 1887 pauperum,

79 1907 342 1988 quemadmodum
366 1908 440 1974 olim
466 1908 495 1974 in
522 1907 595 1975 lucia
612 1908 771 1994 proditore
795 1909 884 1988 lecil;
909 1909 961 1994 qui
980 1909 1017 1974 acl
1041 1917 1221 1976 sanctorum
1240 1929 1304 1978 me·
1328 1917 1450 1964 ΝΜ·

81 2012 193 2080 niurias
215 2023 248 2081 et
271 2023 483 2092 monumenta,
509 2015 624 2081 virtute
648 2015 852 2102 reliquiarum
878 2016 907 2081 in
929 2017 1063 2083 obsessis
1079 2035 1304 2102 saepenumero

81 2119 287 2188 relrcmemer
306 2122 520 2200 excruciatus,
545 2121 574 2187 id
596 2139 652 2207 per
669 2141 724 2189 sos
742 2131 925 2208 vestrosque
949 2123 1171 2190 intercessores
1195 2125 1304 2191 baere-

82 2223 154 2292 ticos
177 2227 240 2293 iam
266 2227 385 2312 pridem
411 2229 484 2312 agit,
509 2237 544 2294 ul
567 2237 769 2313 aconspecln
787 2229 948 2294 bominum
973 2238 1204 2297 removeantur.
1222 2231 1304 2315 Quin

83 2343 174 2410 iserae,
198 2334 224 2400 si
248 2333 325 2420 quid
351 2335 409 2401 ista
433 2336 512 2401 ratio
536 2343 641 2401 vestra
670 2335 708 2401 de
732 2354 906 2420 pauperum
941 2337 1053 2402 iniuria
1079 2337 1305 2421 probabilitatis

83 2437 219 2520 baberet,
247 2449 314 2507 tum
340 2443 404 2526 pari
430 2442 500 2509 inre
516 2443 613 2528 (quod
632 2461 695 2520 vos,
713 2443 786 2521 seio,
809 2442 987 2509 liuinsmodi
1012 2444 1116 2509 colore
1141 2441 1303 2526 molimini)

83 2547 183 2613 omnia
209 2549 407 2627 monasteria,
432 2549 570 2635 collegia,
596 2550 712 2634 templa
728 2557 758 2616 el
783 2549 811 2616 id
835 2567 935 2635 georas
951 2551 1010 2616 alia
1028 2552 1056 2615 in
1083 2551 1232 2617 bonorem
1249 2551 1303 2618 Dei

83 2661 325 2740 sanctorumque
347 2662 452 2722 erecta
475 2655 616 2722 deuioliri
643 2657 749 2722 liceret
765 2657 802 2722 acl
820 2656 1028 2722 sublevandos
1045 2675 1207 2742 pauperes.
1232 2656 1304 2724 Non
1327 2665 1374 2722 (Ρι
1389 2665 1409 2718 1»
1424 2665 1455 2722 ‘t-

83 2757 139 2834 sic,
164 2761 272 2846 impii,
296 2781 362 2828 non
385 2762 443 2828 sie.
470 2763 641 2829 venerandi
667 2771 742 2830 scint
764 2764 860 2830 salicti
887 2765 916 2828 in
941 2764 1007 2830 sois
1032 2765 1182 2848 reliquiis,
1206 2775 1238 2832 ot
1262 2767 1304 2832 le-

85 2865 170 2932 sanni
196 2886 352 2954 pauperes
376 2869 406 2935 in
431 2870 618 2955 corporibus
648 2872 732 2951 snis;
764 2869 843 2937 liuec
873 2871 1017 2954 oportuit
1040 2869 1162 2957 facere,
1186 2884 1214 2938 el
1246 2872 1304 2939 illu
1327 2877 1451 2976 ”⁸³3²

86 2987 144 3036 aon
168 2975 324 3041 omittere.
349 2975 424 3042 Nam
449 2977 577 3062 utrique
601 2985 675 3044 sum
698 2977 811 3044 iratres
827 2985 857 3044 et
874 2979 1015 3044 membra
1039 2979 1171 3045 Christi:
1190 2979 1304 3046 idcirco

84 3079 229 3167 quicquid
255 3081 398 3168 utrisque
422 3092 478 3149 aut
502 3083 630 3151 lionoris
657 3093 712 3150 aot
735 3085 962 3152 corrrmoditatis
986 3086 1187 3170 impemlitur,
1215 3088 1304 3153 Clari-

85 3191 147 3252 stus
173 3187 233 3254 sibi
264 3188 380 3255 lactum
413 3190 582 3256 existimat.
608 3192 767 3258 Noverunt
790 3201 822 3258 et
853 3193 998 3278 Theologi
1024 3199 1054 3258 et
1079 3193 1304 3271 iurisconsulti,

85 3293 182 3362 iarios
205 3313 274 3362 esse
299 3295 406 3362 modos
428 3296 561 3362 donandi
587 3298 755 3382 quicquam
787 3299 824 3364 cul
856 3317 967 3366 causas
998 3301 1073 3384 pias,
1096 3308 1189 3384 prout
1213 3301 1304 3386 spici-

86 3401 132 3462 tns
154 3409 283 3470 sanctus
306 3403 478 3488 unicnique
501 3405 650 3488 suggerit.
676 3401 769 3486 (105)
793 3406 899 3491 Neque
924 3415 984 3472 tam
1006 3407 1203 3473 commendat
1225 3408 1304 3473 elee-

87 3521 242 3593 mosynam
266 3527 302 3574 ac
325 3508 459 3595 quodvis
482 3529 563 3595 opus
585 3512 670 3596 pium
697 3511 747 3577 ille
771 3512 821 3578 eui
845 3513 1027 3590 exhibetur,
1051 3531 1145 3598 quam
1165 3514 1191 3578 is
1213 3513 1305 3580 cuius

86 3617 206 3682 nomine
229 3615 410 3700 suscipitur.
436 3617 527 3683 Nulla
545 3619 594 3684 nio
618 3619 733 3684 iniuria
754 3620 945 3704 pauperibus
969 3619 1047 3686 lacta
1070 3627 1133 3698 est;
1158 3621 1233 3707 quin
1250 3640 1304 3706 po-

87 3715 143 3788 tins
164 3741 206 3789 es
234 3723 431 3790 veneratione
455 3731 635 3791 sanctorum
660 3733 691 3791 et
715 3726 922 3811 reliquiarum
947 3727 993 3791 rel
1031 3727 1205 3793 inanimum
1229 3728 1304 3811 ipsis

85 3829 327 3896 emolumentum
351 3831 489 3898 accessit.
508 3831 593 3910 Nam,
616 3839 651 3898 nt
665 3850 704 3898 oe
727 3833 826 3898 clicam
843 3833 982 3919 quotidie
1001 3851 1153 3918 pauperes
1168 3835 1304 3901 emendi-

86 3947 150 4002 care
162 3935 261 4020 stipes
272 3936 411 4022 aliasque
426 3938 640 4022 eleemosynas
654 3939 777 4005 nomine
789 3939 949 4005 dirorum:
963 3958 1043 4024 quae
1056 3958 1131 4025 gens
1147 3942 1206 4007 snb
1219 3942 1305 4008 coelo

87 4045 126 4105 lot
152 4043 247 4110 babet
273 4045 478 4124 xenodochia,
503 4053 547 4111 lot
571 4046 757 4122 nosocomia,
787 4053 831 4112 tot
854 4047 1096 4132 gerontocomia,
1123 4056 1165 4113 tol
1189 4049 1304 4133 orplia·

87 4149 247 4235 notropbia
273 4159 504 4237 perpetuasque
528 4153 740 4236 eleemosynas
763 4150 918 4230 formatas,
943 4153 1035 4238 iclque
1059 4153 1089 4218 in
1124 4155 1304 4223 memoriam

88 4251 297 4342 honoremque
320 4267 499 4325 sanctorum
524 4267 556 4325 ol
578 4259 796 4344 reliquiarum,
820 4267 897 4344 quot
921 4278 984 4326 una
1008 4260 1091 4326 natio
1114 4261 1305 4329 Christiano-

88 4371 174 4430 rum?
198 4363 289 4448 Quod
312 4365 336 4432 si
361 4363 436 4451 qnid
461 4365 628 4450 impietatis
653 4366 782 4432 liaberet
799 4367 904 4433 cultus
926 4375 958 4433 et
980 4369 1146 4436 exornatio
1163 4369 1307 4454 reliquia-

89 4485 152 4540 rom
185 4471 216 4537 in
249 4471 470 4550 monumentis,
502 4473 603 4557 capsis
633 4473 765 4560 aliisque
797 4473 989 4558 repositoriis
1021 4473 1171 4558 ipsarum,
1203 4493 1306 4544 nonne
