3390 5096
525 337 656 386 ruorrus
678 336 883 386 cononessus.
1171 337 1172 342 ’
1253 319 1312 387 231

81 471 152 541 tur,
181 463 225 529 ita
247 469 390 530 osteum
414 461 555 529 omnium
580 468 722 530 ueterum
748 461 989 541 baereticorum,
1013 461 1067 547 qui
1100 462 1317 548 purgatorium

82 569 203 636 tollere
238 569 340 636 couati
374 576 459 648 suut,
484 574 550 635 tum
585 585 662 635 vero
696 567 896 636 Valdensium
926 569 994 654 (qui
1028 574 1061 634 et
1096 585 1249 653 pauperes
1280 567 1319 636 de

83 675 247 762 Lugduuo
271 675 487 757 vocabantur),
511 675 738 743 Violevicorum
770 681 802 742 et
836 675 1072 754 llussianorum,
1095 675 1150 761 qui
1178 675 1318 742 omnium

81 783 233 849 maxima
264 782 379 849 invidia
413 782 534 867 perciti,
559 782 710 850 Ecclesiae
740 783 855 868 opibus
888 782 1096 860 oblatrarent,
1130 781 1320 866 apostolicos

82 890 269 957 haereticos
292 907 334 956 ex
356 897 446 975 parte
470 889 579 957 secuti.
604 888 692 974 erod
716 889 799 957 euim
823 889 866 956 illi
890 888 929 956 de
963 889 1147 956 Christianis
1173 888 1320 956 omnibus

81 997 288 1076 asserebant,
311 997 370 1064 boc
394 996 442 1064 isti
466 995 505 1064 de
529 996 603 1063 solis
627 996 857 1076 Ecclesiasticis,
881 1013 993 1080 nempe
1027 995 1181 1062 neminem
1205 995 1318 1061 salvari

81 1121 196 1188 posse,
219 1103 275 1189 qui
300 1103 464 1188 proprium
486 1101 613 1188 aliquod
638 1103 697 1170 boc
721 1103 751 1169 in
770 1103 887 1169 mundo
903 1104 1086 1188 possideret.
1105 1103 1221 1168 Verum
1239 1102 1321 1168 sicut

82 1209 128 1276 illi
156 1209 298 1276 maiores
314 1210 408 1276 vestri
427 1217 595 1296 praetextu
611 1209 775 1277 simulatae
793 1210 996 1296 paupertatis,
1012 1209 1161 1276 avaritiae
1177 1215 1208 1275 et
1225 1226 1320 1294 quae-

82 1317 150 1383 stui
179 1315 319 1384 maxime
350 1316 528 1396 studebant,
552 1315 596 1382 ita
620 1334 675 1382 vos
709 1333 836 1402 quoque
868 1315 1005 1400 vestigiis
1036 1333 1145 1382 eorum
1177 1314 1321 1400 gnaviter

84 1423 274 1490 insistentes
296 1421 398 1490 lacere
420 1421 525 1502 audio,
548 1422 774 1508 praedicantes,
798 1430 834 1489 ut
856 1421 1013 1488 adimatur
1036 1421 1115 1500 aliis,
1132 1419 1214 1506 quod
1235 1421 1322 1488 vobis

84 1529 267 1608 tribuatur,
283 1528 372 1595 initio
386 1528 512 1616 quidem
538 1528 631 1614 paulo
654 1535 826 1608 contentos,
850 1528 1022 1614 atquibus
1045 1533 1151 1613 postea
1174 1526 1227 1593 rix
1254 1535 1321 1592 tan-

86 1645 159 1702 tum
186 1635 334 1712 sufficiat,
357 1634 441 1702 unde
464 1636 554 1720 prius
588 1635 730 1721 quinque
764 1643 820 1702 aut
843 1653 902 1701 sex·
935 1635 1102 1702 alebantur
1125 1633 1320 1712 sacerdotes;

85 1750 217 1810 tantum
242 1743 361 1809 scilicet
384 1741 453 1808 Elsa
483 1759 556 1808 cum
589 1742 655 1810 suis
685 1741 797 1809 catulis
828 1742 975 1809 absumit.
1009 1741 1139 1808 Proinde
1171 1741 1222 1807 bic
1246 1740 1320 1807 ilem

86 1850 251 1916 articulus
273 1867 335 1916 non
360 1850 461 1915 solum
497 1849 684 1928 haereticus,
709 1863 819 1916 rerum
854 1849 946 1914 etiam
982 1847 1246 1924 seditiosissimus
1270 1855 1321 1912 ut-

88 1965 167 2041 pote
192 1973 301 2023 omnes
323 1955 364 2022 ad
387 1955 540 2023 Ecclesiae
555 1957 664 2042 spolia,
682 1956 807 2042 rapinas
823 1963 854 2022 et
869 1955 1031 2040 sacrilegia
1044 1971 1187 2032 evocem,
1203 1953 1322 2038 optimo

89 2061 185 2128 vobis
210 2063 279 2128 iure
302 2062 444 2130 obiectus
466 2071 523 2130 est.

394 2269 598 2342 suttctttus
621 2274 819 2342 vtuestuus
842 2273 1022 2359 Quantus.

188 2487 279 2554 Nulla
314 2494 464 2574 perpetua
488 2496 560 2555 vota
594 2487 732 2573 obligare
763 2487 982 2572 cuiuscunque
1016 2485 1247 2564 conscientiam,
1278 2485 1321 2553 vi·
1354 2501 1472 2601 mu·

93 2601 225 2680 umque
248 2594 449 2661 monasticam
473 2611 614 2661 errorem
639 2611 706 2660 esse
729 2611 766 2660 ac
788 2593 1001 2678 deceptionem
1035 2609 1136 2677 neque
1163 2592 1322 2660 doctrinae

92 2699 212 2767 Christi
236 2699 492 2778 consentientem,
516 2715 572 2765 nec
597 2717 702 2765 reram
727 2699 844 2766 babere
868 2699 1025 2784 pietatem.

622 2913 797 3004 Responsio.

187 3127 276 3196 Hunc
299 3129 468 3196 articulum
492 3129 585 3197 etiam
609 3138 752 3196 nostrum
777 3147 844 3197 esse
867 3129 1038 3197 asserimus
1061 3139 1092 3196 et
1115 3130 1205 3215 longe
1230 3129 1323 3196 veris·

95 3235 226 3314 simum,
249 3234 342 3302 modo
366 3236 515 3322 loquatur
539 3235 577 3304 de
602 3236 681 3304 votis
705 3238 776 3314 illis,
800 3255 880 3324 quae
903 3237 1055 3322 originem
1072 3255 1113 3303 ex
1137 3235 1235 3304 sacris
1261 3237 1323 3302 lite·

95 3341 141 3408 ris
163 3359 227 3408 nou
252 3341 378 3420 babent,
402 3342 493 3410 cuius
517 3343 640 3428 generis
663 3351 738 3410 sunt
760 3344 864 3409 omnia
883 3350 953 3410 vota
974 3343 1153 3422 monastica,
1171 3348 1202 3409 et
1218 3343 1242 3409 si
1260 3360 1323 3428 qua

96 3445 158 3516 illis
182 3454 257 3514 sunl
280 3447 402 3514 similia.
424 3444 515 3534 (tot)
539 3449 643 3518 Prima
666 3450 763 3516 buius
785 3449 907 3516 articuli
946 3467 1018 3534 pars
1043 3449 1193 3534 probatur
1219 3449 1323 3515 verbis

98 3552 236 3622 Paulinis
262 3556 289 3620 l.
315 3553 384 3620 Cor.
411 3557 440 3620 7.
466 3553 531 3620 Gal.
557 3555 586 3621 s.
613 3555 725 3641 ingrati
750 3555 832 3622 enim
857 3573 969 3622 surmus
996 3555 1094 3622 loturi
1119 3555 1244 3622 Christo
1267 3557 1322 3634 lex

97 3677 163 3744 quo
186 3677 243 3727 nos
266 3660 402 3727 asseruit
425 3661 455 3726 in
482 3659 682 3743 libertatem),
707 3662 731 3728 si
758 3679 871 3728 rursus
906 3670 1015 3746 sponte
1040 3670 1146 3728 nostra
1171 3661 1323 3747 praecipi-

98 3773 204 3834 temur
227 3765 258 3832 in
282 3765 480 3846 servitutem,
505 3767 665 3853 perpetuis
688 3767 768 3834 volis
787 3767 1017 3853 obstringentes
1041 3768 1245 3834 conscientias
1269 3785 1323 3832 no

98 3881 190 3942 stras.
215 3873 275 3957 Qui
300 3873 397 3959 igitur
432 3891 488 3960 per
524 3873 765 3959 imprudentiam
803 3873 981 3940 huiusmodi
1017 3875 1095 3940 votis
1130 3891 1198 3940 sese
1223 3872 1324 3940 reddit

97 3979 283 4059 obnoxium,
315 3979 388 4047 lacit
419 3986 528 4048 contra
562 3981 613 4048 Dei
647 3981 810 4048 consilium
843 3988 874 4048 et
908 3979 1157 4047 commissionem
1194 3987 1324 4046 auclore

100 4085 203 4154 Paulo.
229 4086 324 4154 Nemo
346 4087 443 4174 igitur
468 4087 646 4154 buiusmodi
672 4095 817 4154 sotorum
840 4086 1057 4154 observatione
1080 4086 1247 4172 obligatur.

619 4243 807 4318 Goululalio.

188 4410 230 4476 En
256 4408 323 4487 libi,
348 4409 455 4490 lector,
480 4411 659 4498 progeniem
687 4409 875 4496 viperarum.
897 4408 1010 4495 Quidni
1035 4409 1116 4476 enim
1136 4409 1178 4475 ita
1201 4407 1325 4476 dicam?

99 4515 224 4600 quando
247 4513 329 4584 sicut
352 4515 467 4602 viperei
493 4526 613 4602 partus,
636 4516 712 4583 dom
737 4517 876 4584 eduntur
900 4517 930 4582 in
956 4517 1069 4590 lucem,
1092 4524 1166 4583 ortu
1191 4533 1249 4582 suo
1272 4533 1325 4601 ge·
