3390 5096
337 215 402 284 932
651 235 847 286 conrurarro
871 237 1101 286 aurnenanrsnr
1124 237 1241 285 nanrcr.

336 359 464 427 nitrioes
487 377 618 428 enecare
642 360 825 440 teruntur1,
849 361 891 427 ita
915 379 970 427 vos
994 362 1182 430 monasteria
1205 379 1289 429 nunc
1312 370 1457 431 evertere
1474 363 1574 430 moli-

336 465 422 546 mini,
445 484 581 552 qnornm
619 466 766 552 impensis
796 467 876 534 hona
910 485 984 553 pars
1019 474 1160 534 restrum
1195 467 1337 549 educata,
1361 469 1514 536 instituta
1539 477 1574 536 et

335 573 409 640 alita
432 581 488 640 est.
513 573 588 640 Nam
612 574 687 660 quid
703 573 788 641 aliud
811 575 922 654 tacitis,
946 575 1146 662 ingratissimi
1172 576 1362 656 mortalium,
1385 585 1574 644 asserentes

335 680 421 747 hunc
444 681 613 748 articulum
637 699 705 748 esse
729 690 869 750 restrum
893 699 929 749 ac
952 683 1042 768 longe
1066 682 1262 750 verissimum
1287 683 1355 768 (qui
1370 683 1456 749 omni
1474 701 1573 749 men-

335 786 423 854 dacio
446 787 648 868 mendacior),
672 806 766 874 qoam
799 794 835 855 ut
870 789 1083 856 monachismo
1117 807 1158 856 ex
1189 789 1267 856 orhe
1298 807 1430 875 prorsus
1460 790 1573 856 eiecto

335 894 439 960 omnia
462 894 581 980 ubique
605 895 793 962 monasteria
816 896 864 962 rel
887 894 1028 962 funditus
1050 894 1230 974 diruantur,
1247 897 1296 963 rel
1312 903 1397 964 certe
1413 895 1574 982 profanos

335 1000 367 1066 in
390 1017 469 1067 usus
491 1008 726 1081 convertantur,
751 1001 781 1068 id
805 1001 889 1087 quod
913 1002 1006 1069 etiam
1031 1003 1061 1068 in
1086 1002 1246 1088 sequentis
1267 1003 1391 1070 articuli
1420 1003 1573 1070 declara-

336 1105 419 1173 tione
435 1109 448 1146 ²
472 1107 573 1194 palam
597 1107 776 1193 exprimere
793 1107 877 1175 haud
903 1109 1051 1176 veremini
1068 1117 1109 1188 et,
1126 1110 1207 1195 proh
1223 1109 1322 1189 dolor,
1339 1109 1570 1194 compluribus

335 1213 366 1280 in
391 1207 480 1280 lociss
497 1232 558 1280 non
589 1213 706 1299 exigna
736 1221 867 1282 conatus
902 1214 997 1282 vestri
1032 1216 1170 1300 auspicia
1199 1223 1231 1284 et
1255 1215 1456 1283 fundamenta
1482 1216 1572 1282 iacta

335 1328 408 1387 sunt
424 1321 446 1387 ³.

424 1426 481 1494 Sed
506 1445 642 1513 quonam
667 1429 846 1514 serpentino
881 1437 951 1496 astu
977 1429 1119 1514 vipereae
1142 1429 1245 1515 proles
1268 1429 1346 1496 haec
1369 1429 1480 1515 agatis
1503 1428 1567 1495 de-

335 1533 514 1619 spiciamus.
540 1533 703 1618 Principio,
727 1535 810 1620 quod
836 1541 981 1602 votorum
1012 1534 1231 1622 obligationem
1261 1534 1393 1603 inficiari
1418 1553 1481 1602 non
1506 1553 1571 1620 po-

335 1641 422 1708 testis
446 1658 547 1726 neque
572 1658 685 1726 negare
710 1649 781 1708 rota
804 1659 872 1708 esse
896 1641 1063 1719 reddenda,
1086 1648 1117 1708 et
1140 1641 1224 1727 quod
1248 1647 1362 1708 natura
1384 1641 1492 1720 dictet,
1510 1642 1573 1708 ho·

334 1753 438 1814 nestas
461 1747 593 1832 imperet
616 1755 647 1814 et
670 1748 828 1833 scriptura
851 1747 959 1815 multis
981 1747 1013 1814 in
1045 1748 1120 1815 locis
1141 1757 1290 1834 oportere
1311 1748 1431 1828 doceat,
1456 1747 1570 1815 mode·

336 1854 454 1920 ramine
477 1853 597 1921 adiecto
620 1853 821 1941 subiungitls‚
845 1855 997 1924 hacteuus
1021 1855 1146 1940 quidem
1171 1873 1226 1922 ros
1248 1872 1401 1934 asserere,
1416 1861 1568 1922 restrum
1672 1820 1673 1909 i

334 1979 402 2028 esse
427 1961 511 2028 hunc
534 1961 703 2027 articulum
734 1969 765 2028 et
796 1961 886 2047 longe
918 1962 1128 2040 verissimum,
1155 1969 1313 2048 qrratmus
1344 1961 1486 2047 loquitur
1521 1961 1567 2028 de

334 2067 414 2134 votis
437 2069 508 2148 illis,
532 2087 613 2154 quae
635 2067 786 2154 originem
817 2087 858 2135 ex
891 2069 988 2136 sacris
1019 2068 1118 2135 literis
1141 2086 1202 2135 non
1232 2066 1357 2146 habent,
1392 2067 1485 2134 cuius
1508 2084 1569 2152 ge·
1672 2068 1673 2087 ¹

334 2175 418 2242 neris
441 2183 516 2242 sont
537 2175 641 2241 omnia
664 2183 736 2242 rota
758 2175 939 2254 monastica,
962 2181 994 2242 el
1017 2175 1041 2241 sl
1066 2193 1130 2261 qua
1153 2174 1214 2241 illis
1237 2181 1311 2242 sunt
1338 2173 1460 2241 similia.
1487 2171 1568 2238 Pro-

324 2275 415 2361 inde,
439 2282 586 2367 qnoniam
617 2285 666 2364 (ut
692 2281 799 2362 audio)
822 2283 967 2349 convenit
994 2281 1075 2348 inter
1102 2279 1186 2348 nos*
1213 2281 1252 2348 de
1276 2288 1421 2348 votorum
1444 2278 1567 2364 ohliga-

334 2387 427 2466 tlone,
453 2387 545 2454 modo
568 2387 703 2473 legitima
727 2389 789 2455 sint
819 2395 851 2455 et
884 2387 1004 2467 idonea,
1028 2389 1088 2456 hoc
1110 2395 1169 2467 cst,
1192 2407 1233 2455 ex
1269 2386 1367 2454 verbo
1396 2387 1451 2453 Dei
1483 2404 1564 2472 pro-

333 2492 429 2573 lecta;
454 2494 484 2561 id
508 2514 608 2561 unrrm
635 2502 730 2562 restat
753 2496 792 2562 ad
814 2496 1064 2562 monachismum
1089 2493 1302 2574 asserendum,
1326 2501 1362 2560 ut
1389 2493 1566 2560 monastica

334 2607 405 2666 vota
439 2601 617 2668 huiusmodi
650 2619 718 2669 esse
755 2601 931 2668 doceamus.
968 2601 1074 2688 ltaque
1108 2618 1201 2668 omne
1235 2607 1345 2668 votum
1377 2599 1564 2666 huiusmodi
1672 2638 1673 2663 r

333 2705 608 2793 (quaemadmodum
640 2709 718 2776 sacri
750 2708 894 2775 doctores
918 2704 1009 2792 (205)
1033 2709 1124 2794 longa
1154 2708 1386 2794 scripturarum
1410 2705 1565 2773 ohserva-

334 2814 416 2881 tione
439 2815 644 2899 collegerunt)
669 2815 707 2882 de
731 2833 765 2882 re
789 2816 934 2901 quapiam
959 2815 1019 2881 erit
1037 2815 1176 2893 honesta,
1198 2813 1346 2899 possibili,
1367 2831 1429 2880 non
1455 2821 1564 2878 umen
1672 2836 1673 2883 1

333 2928 507 3006 praecepta.
543 2923 580 2986 ht
614 2921 673 2988 tria
698 2921 748 2988 illa
784 2923 1008 2988 monachorum
1033 2930 1064 2987 et
1088 2919 1269 2987 monialium
1299 2925 1378 2985 rota
1412 2919 1564 2985 suhstan-

334 3026 418 3093 tialia
441 3031 536 3113 (quae
559 3033 694 3111 vocant),
719 3027 868 3096 nimirum
891 3027 1110 3106 continentiae,
1134 3025 1327 3112 paupertatis
1357 3034 1389 3093 et
1410 3023 1564 3093 ohedien-

333 3131 404 3210 tiae,
429 3133 607 3201 huinsmodi
631 3152 699 3200 esse
734 3133 806 3220 quis
840 3153 901 3200 non
937 3133 1043 3200 ridell
1067 3133 1173 3200 Nonne
1207 3141 1239 3199 et
1272 3131 1420 3198 dominus
1450 3137 1564 3198 noster

186 3243 311 3342 wlffith
335 3239 419 3306 lesus
440 3239 584 3308 Christus
608 3241 637 3306 in
664 3241 827 3326 Evangelio
858 3242 918 3308 suh
949 3240 1119 3326 triplicium
1155 3240 1377 3306 eunuchorum
1412 3237 1564 3304 similitu·
1672 3253 1673 3262 ¹

184 3351 304 3450 ¹33⁰&
333 3345 414 3424 dine,
438 3353 469 3413 et
492 3347 656 3432 apostolus
680 3347 793 3414 Paulos
824 3347 855 3414 in
887 3346 992 3432 priore
1019 3345 1057 3412 ad
1080 3344 1257 3412 Corinthios
1290 3343 1421 3430 epistola
1451 3343 1565 3411 multis
1672 3423 1673 3426 Ἴ

334 3453 508 3520 rationibus
542 3454 763 3520 continentiam
787 3455 1027 3532 consuluerunt,
1062 3451 1324 3539 quemadmodum
1357 3450 1387 3516 in
1423 3449 1563 3518 articulo

335 3559 461 3625 xvlll.⁴
484 3559 523 3626 de
546 3560 700 3627 caelibatu
724 3560 922 3628 sacerdotum
945 3559 1109 3626 diximus?
1132 3560 1239 3626 Nonne
1262 3565 1294 3625 et
1317 3557 1462 3625 Christus
1483 3555 1564 3623 ado-
1672 3623 1673 3650 ,

300 3667 459 3734 ’lescenti
486 3675 702 3753 paupertatem
738 3684 796 3734 ceu
829 3666 1027 3752 perfectionis
1058 3667 1139 3732 vlam
1171 3665 1330 3734 consuluit
1363 3663 1488 3732 dicens:
1521 3664 1565 3732 St'

394 3799 407 3824 ⁸
425 3813 474 3848 ros.

182 3643 257 3690 math.
272 3643 299 3688 la

226 3698 261 3742 il.

405 4081 413 4112 ¹
435 4083 507 4136 Mon.
526 4083 534 4134 l
555 4083 584 4134 3:
601 4081 654 4134 Si...
674 4081 791 4134 matris...
809 4081 898 4134 alvum
919 4093 970 4132 non
990 4093 1108 4146 rumpas,
1127 4085 1155 4132 ut
1174 4077 1281 4148 vipereo
1300 4077 1420 4144 germina
1440 4077 1533 4130 solent.

405 4170 415 4202 ²
436 4173 500 4224 lnlra
520 4171 581 4224 235.

405 4259 416 4290 ³
435 4261 505 4326 Lege
524 4259 707 4314 chronicum...
725 4259 752 4312 in
772 4273 850 4313 causa
869 4257 1037 4329 cupatrioor's
1066 4255 1261 4314 Minoritarctm
1289 4257 1323 4310 de
1349 4255 1408 4312 suis
1436 4254 1561 4310 coenobis

330 4348 487 4420 procinctae
508 4349 632 4416 Maricae,
652 4350 677 4401 in
697 4349 918 4403 llirltehlstorislre
937 4349 1085 4414 Samllnger
1103 4349 1120 4400 l.
1141 4347 1268 4400 332·367.

404 4438 416 4469 ⁴
435 4439 518 4505 Supra
540 4439 590 4491 l98
609 4453 650 4507 sq.
