3364 5092
528 348 657 396 renatus
680 347 885 397 coaonassos.
1279 332 1321 400 93

89 477 217 539 nostrae
240 471 421 538 sacerdotes
443 472 592 538 atrociter
618 481 766 558 torquere
790 473 909 552 soletis,
934 474 972 540 ad
1007 474 1152 542 invidiam
1178 476 1321 543 sacerdo

88 578 174 644 lions
198 576 265 660 (to)
288 578 484 645 oonllandam
511 578 540 644 in
566 578 656 663 plebe
679 578 740 646 iam
765 579 838 646 olim
864 580 936 666 plus
951 581 1026 648 salis
1049 588 1157 649 contra
1174 601 1231 650 nos
1246 601 1321 650 exa-

87 685 227 766 cerbata,
253 686 397 753 homines
420 685 458 751 ad
484 685 561 752 nillil
588 685 673 752 aliud
697 704 793 771 quam
820 686 857 752 ad
883 687 1021 754 conuicia
1046 688 1120 754 nati.
1146 726 1188 739 -
1213 689 1245 755 ln
1273 707 1322 758 se·

86 792 194 858 cundo
217 799 335 870 autem,
361 791 415 877 qui
440 799 488 858 est
511 791 577 858 Esa.
604 793 657 870 118,
681 792 820 877 graviter
844 793 1004 860 invehitur
1038 794 1185 862 dominus
1209 795 1239 862 in
1264 797 1321 882 lly-

87 899 241 984 pocritica
266 897 453 964 ludaeorum
479 897 595 964 ieiunia
618 897 687 964 aliis
710 897 860 982 operibus
883 898 973 966 bonis
998 899 1136 968 maxime
1159 902 1321 970 charitatis

84 1005 248 1072 destituta.
273 1007 310 1070 m
333 1002 410 1089 quid
435 1004 493 1071 hoo
516 1003 553 1070 ad
579 1004 745 1070 Ecclesiam
770 1005 1053 1072 nostram‘i-Nonne
1077 1008 1245 1092 quotannis
1267 1009 1320 1075 Ec-

85 1111 181 1178 rlesia
207 1120 315 1178 nostra
340 1111 371 1176 in
396 1109 497 1195 capite
521 1110 626 1176 ieiunii
652 1109 759 1177 eadem
783 1111 934 1177 damnat?
921 1111 1110 1198 ldocetque
1134 1113 1215 1179 filios
1246 1131 1321 1182 snos

86 1235 195 1284 reram
220 1215 380 1284 ieiunandi
414 1216 577 1296 rationem,
610 1215 687 1282 illud
725 1217 878 1302 Evangelii
911 1217 972 1284 illis
1003 1235 1198 1306 proponens:
1237 1219 1318 1287 Cum
1352 1233 1462 1332 muas

86 1325 258 1401 relucentia,
284 1322 383 1390 nolite
405 1321 481 1406 fieri
502 1323 590 1388 sicut
613 1320 806 1410 hypocritae
829 1323 950 1402 tristes,
974 1331 1004 1390 et
1025 1343 1107 1410 quae
1130 1333 1318 1411 sequuntur

84 1467 125 1476 -
153 1429 253 1496 Porro
277 1429 402 1506 tertiae,
426 1429 479 1514 qui
504 1436 552 1496 est
583 1429 664 1496 llier.
690 1431 721 1506 E,
753 1429 893 1496 eiusdem
929 1439 977 1496 est
1008 1447 1080 1496 cum
1114 1431 1216 1516 primo
1247 1432 1320 1498 lari-

85 1555 154 1615 nae,
181 1535 332 1602 nimirum
358 1553 398 1602 ex
424 1552 523 1602 cornu
555 1535 662 1620 copiae
693 1535 807 1602 llorum
841 1535 935 1602 uestri
969 1536 1059 1604 istius
1091 1536 1257 1623 Evangelii,
1290 1539 1319 1605 id

84 1651 141 1720 est,
177 1643 394 1710 conviciorum
426 1641 634 1727 depromptus
661 1648 692 1708 et
723 1641 763 1708 ab
794 1641 932 1727 antiquis
956 1642 1017 1709 illis
1047 1643 1264 1712 sacerdotibus
1288 1636 1318 1712 in

84 1757 213 1816 nostros
235 1749 391 1816 detortus.
416 1751 451 1814 lt
474 1747 549 1834 quid
575 1749 635 1816 hoc
658 1748 695 1815 ad
720 1748 887 1816 Ecclesiam
920 1757 1083 1816 nostram?
1105 1789 1149 1800 -
1181 1752 1321 1836 Quartus

83 1855 235 1942 denique,
258 1855 313 1941 qui
339 1864 387 1922 est
413 1858 440 1921 l.
465 1855 535 1922 Cor.
561 1858 602 1934 2,
626 1855 716 1922 docet
739 1855 903 1922 animalem
936 1857 1093 1924 lmminem
1126 1875 1186 1924 non
1219 1859 1319 1943 perci-

87 1981 162 2048 pere
188 1981 225 2030 ea
248 1979 331 2048 quae
355 1970 430 2030 sunt
452 1961 584 2047 spiritns
608 1961 672 2028 llei.
690 1964 726 2028 tt
741 1962 816 2047 quid
835 1963 894 2030 hoc
909 1962 947 2030 ad
973 1963 1140 2030 Ecclesiam
1158 1971 1319 2032 nostram?

84 2069 166 2136 Num
193 2075 258 2135 tola
282 2076 330 2135 est
361 2067 526 2134 animalis?
551 2067 657 2134 Nonne
688 2067 785 2153 igitur
817 2068 1031 2148 haecomnia,
1062 2087 1166 2154 neque
1196 2069 1317 2138 coelum

83 2181 133 2249 (ut
158 2175 262 2256 aiunt)
288 2192 390 2259 neque
415 2180 532 2242 terram
560 2173 742 2259 attingunt?
766 2172 913 2260 Nunquid
936 2192 991 2241 ros
1014 2175 1120 2261 pudet,
1144 2175 1317 2243 istiusmodi

85 2281 266 2368 praestigiis
289 2279 422 2366 simplici
439 2277 589 2366 popellol
615 2279 757 2358 illudere,
781 2299 840 2365 pro
863 2299 928 2366 quo
943 2281 1090 2350 dominus
1106 2289 1212 2349 rioster
1235 2283 1319 2350 lesus

84 2387 231 2456 Christus
256 2387 428 2474 pretiosum
453 2387 637 2472 sanguinem
661 2405 754 2454 suum
779 2387 940 2454 ellnndere
964 2407 1025 2454 non
1053 2387 1230 2455 dubitarim

177 2495 235 2562 Sed
259 2487 357 2572 enim,
381 2501 416 2561 ut
440 2493 525 2579 qnod
550 2511 601 2560 res
624 2501 682 2571 est,
713 2493 879 2573 fateantur,
916 2494 1011 2561 habet
1046 2494 1180 2562 Ecclesia
1211 2501 1317 2564 nostra

85 2600 243 2686 plurimos
267 2599 412 2668 homines
434 2599 596 2677 animales,
621 2599 715 2666 habet
738 2600 892 2684 plurimos
914 2600 1093 2668 sacerdotes
1122 2600 1263 2668 ebriosos
1286 2610 1317 2669 et

86 2707 223 2792 ignaros
250 2706 344 2774 natet
366 2705 503 2791 denique
528 2705 682 2791 plurimos
706 2706 902 2792 hypocritam
928 2714 958 2774 et
981 2725 1000 2772 a
1023 2707 1200 2786 nonnullis,
1216 2727 1235 2774 a
1251 2707 1318 2793 qui·

85 2813 146 2880 bns
170 2813 299 2882 minime
321 2813 497 2898 oportebat,
522 2814 593 2898 plus
615 2831 717 2898 aequo
732 2813 920 2880 ceremoniis
940 2814 1145 2899 externisque
1168 2813 1318 2898 operibus

85 2921 207 3006 aliquot
230 2921 291 2986 lam
315 2919 430 2986 seculis
454 2918 609 2990 tributum
633 2928 691 2998 est,
715 2927 752 2985 ut
771 2919 950 2986 huiusmodi
975 2919 1016 2986 ob
1039 2937 1150 2986 causas
1166 2938 1212 2999 ea,
1236 2938 1317 3005 quae

86 3026 167 3095 iuste
193 3027 343 3112 patimur,
367 3025 493 3093 euenire
517 3043 680 3092 necessum
697 3025 802 3092 luerit.
820 3025 878 3092 Sed
903 3043 978 3092 num
996 3025 1139 3111 improba
1161 3025 1236 3094 cleri
1254 3027 1317 3093 vita

85 3133 201 3200 iustam
228 3131 467 3199 haeresiarchae
490 3149 616 3198 causam
642 3131 771 3198 reddet?
794 3131 873 3197 Num
895 3139 1005 3216 aperta
1030 3130 1315 3199 Ecclesiasticorum
1391 3115 1395 3124 ’

86 3237 203 3324 flagitia
229 3237 459 3305 haereticorum
483 3243 670 3323 argumenta
701 3242 819 3303 eruntl
843 3237 924 3303 Num
954 3236 1090 3322 denique
1118 3255 1193 3304 vera
1225 3237 1316 3304 mini-

85 3351 225 3411 strorum
252 3343 404 3410 Ecclesiae
434 3343 592 3410 accusatio
615 3343 723 3410 falsam
750 3342 902 3409 Ecclesiae
926 3342 1029 3422 fidem,
1055 3361 1226 3429 ueramque
1244 3344 1316 3410 lme-

86 3451 169 3518 resin
194 3449 332 3517 ellioietl
355 3447 490 3516 Necesse
524 3456 581 3527 est,
618 3449 720 3534 inquit
753 3448 910 3528 dominus,
946 3457 984 3514 ot
1015 3450 1147 3515 ueniunt
1181 3447 1315 3536 offendi·
1335 3462 1410 3509 untu-
1420 3462 1453 3518 ¹⁸.
1464 3465 1485 3510 ⁷·

85 3556 173 3634 caelu,
198 3564 427 3622 verumtamen
450 3573 511 3620 oue
534 3553 672 3633 domiui,
693 3575 756 3640 per
776 3574 869 3641 qoem
895 3553 1126 3641 offertclicuium
1153 3555 1248 3621 venit.
1266 3555 1316 3622 Ec·

85 3663 180 3730 clesia
203 3661 329 3748 quidem
362 3669 479 3740 nostra,
503 3660 655 3747 quamdiu
679 3661 784 3728 adlmc
814 3661 846 3727 in
878 3661 972 3728 terris
1005 3661 1128 3738 militat,
1154 3661 1243 3727 iuxta
1266 3677 1315 3728 sa-

85 3787 214 3836 crarum
240 3769 402 3836 literarum
435 3769 554 3854 liguras
585 3775 680 3852 atque
709 3767 929 3834 similitudines
959 3767 999 3833 ab
1031 3766 1119 3832 initio
1150 3767 1188 3832 ad
1221 3767 1313 3834 linem

87 3893 189 3962 usque
211 3893 337 3960 semper
361 3875 497 3942 continet
529 3874 674 3940 animalia
706 3874 823 3940 munda
846 3880 878 3940 et
909 3872 1079 3952 immunda,
1113 3873 1252 3940 triticum
1283 3881 1315 3940 et
1360 3888 1451 3934 aaa

88 3984 218 4068 paleam,
242 3982 359 4048 bonum
384 3998 488 4050 mmen
513 3989 544 4048 et
567 3980 728 4058 ziraniam,
753 3980 853 4065 pisces
878 3979 975 4046 tonos
990 3987 1021 4047 et
1046 3980 1153 4058 malos,
1178 3979 1314 4065 virgines
1347 3889 1461 4050 3133331133

87 4089 258 4174 prudentes
281 4084 352 4171 (57)
374 4096 406 4154 et
430 4087 541 4166 fatuas,
564 4086 700 4172 denique
716 4105 791 4175 oves
814 4095 845 4154 et
862 4085 988 4164 hoedos,
1006 4086 1065 4153 hoc
1088 4093 1144 4164 est,
1170 4086 1267 4152 iustos
1283 4092 1315 4153 et

86 4220 354 4262 k*-

156 4355 165 4385 ¹
185 4355 283 4407 Similia
302 4354 426 4408 dicuntur
443 4367 490 4418 pp.
509 4353 582 4420 (111.
605 4352 663 4405 135.
686 4352 743 4406 tet.
767 4352 823 4406 175.
847 4353 904 4406 toa.
933 4355 989 4405 let.
1020 4351 1089 4418 1117).
1109 4352 1192 4404 Elium
1218 4351 1242 4404 in
1263 4351 1315 4405 dlo-

86 4443 153 4498 rrodl·
173 4446 204 4511 (G
223 4457 247 4496 a.
268 4443 289 4496 ll
308 4441 344 4496 lb
370 4443 389 4496 L
408 4443 433 4495 ii.
453 4443 472 4494 Ν
492 4443 539 4509 6.),
558 4443 583 4496 in
603 4439 759 4496 Euolriridr'o
779 4440 816 4492 Eb
842 4449 867 4495 el
887 4441 947 4494 alibi
966 4441 1061 4507 legitur
1083 4441 1238 4507 «popellus,
1259 4442 1316 4506 ple-

87 4531 177 4588 becula
192 4553 217 4586 υ.
