3378 5082
885 349 1099 399 theudeberto.

381 475 483 536 mavit
505 473 698 537 Praeclarum
730 473 778 535 sui
809 473 864 536 zeli
897 481 1126 535 monumentum
1159 472 1284 552 reliquit
1316 470 1460 534 iratribus
1488 471 1554 533 suis
1577 471 1609 532 in

386 579 556 662 ·dpttome
574 577 771 642 convertendi
788 587 889 662 pentes
910 577 1075 641 ludicrum
1090 579 1098 610 ¹
1115 604 1143 649 ι,
1166 595 1258 658 quem
1279 573 1359 640 adno
1375 580 1453 640 tesi
1468 578 1603 640 couscri-
1682 597 1683 686 p

380 686 442 766 psit
464 687 606 766 misitque
628 687 657 747 in
679 702 785 749 omnes
815 702 891 748 suae
923 685 1141 747 iurisdictionis
1175 685 1359 764 provincias.
1392 683 1482 746 Hisce
1505 684 1607 746 literis
1682 723 1683 794 i

381 808 440 855 non
462 792 560 855 solnm
581 793 722 856 omnibus
744 794 877 856 maxime
891 792 1085 854 commendet
1101 791 1255 854 excellens
1269 791 1467 854 convertendi
1483 791 1607 852 atrimae
1682 813 1683 846 r

381 897 549 963 inlidelium
570 916 659 979 opus,
689 900 742 962 sed
774 901 927 978 imprimis
957 898 1146 962 necessarias
1177 897 1325 960 describit
1352 898 1408 960 viri
1432 898 1602 978 Apostolici

381 1007 507 1069 virtutes
529 1006 714 1087 modumque
735 1007 869 1086 exponit,
891 1023 953 1087 quo
977 1005 1127 1067 barbarae
1161 1005 1235 1068 istae
1257 1013 1287 1066 et
1308 1003 1442 1067 incultae
1464 1005 1608 1070 nationes
1682 1021 1683 1084 ξ

380 1115 494 1194 optime
515 1113 635 1176 Christo
656 1114 815 1176 conciliari
838 1115 965 1193 possint.
1682 1117 1683 1196 ,

462 1223 503 1284 lle
524 1220 671 1296 Ecclesia,
693 1220 913 1283 archidioecesi
941 1219 1112 1283 Coloxtieusl
1144 1225 1174 1281 et
1198 1235 1254 1282 sno
1275 1219 1382 1281 ordine
1404 1219 1520 1299 optime
1543 1235 1604 1282 me
1682 1211 1683 1286 Ῐ

379 1329 456 1391 ritus
478 1329 507 1390 iu
529 1334 680 1390 conventu
702 1327 850 1389 Tolosano
872 1327 921 1390 die
940 1331 987 1390 15.
1003 1326 1118 1406 ilprilis
1140 1330 1219 1388 1554
1241 1328 1320 1388 hano
1343 1327 1436 1388 vitam
1452 1325 1608 1389 caducam
1682 1307 1683 1398 l

379 1451 449 1497 cum
473 1434 634 1496 immortali
658 1435 797 1496 mutavit.

460 1541 569 1602 Paucis
591 1548 622 1602 at
641 1539 786 1617 gravibus
809 1540 910 1602 verbis
942 1540 1083 1602 laudatus
1114 1548 1158 1602 est
1190 1539 1335 1603 Nicotaus
1364 1539 1560 1603 llerborneus
1588 1557 1606 1602 a
1682 1557 1683 1616 ς

380 1647 516 1728 parocho
538 1653 567 1709 et
589 1648 760 1726 proiessore
793 1646 967 1709 Lutherano
994 1645 1121 1708 Nebe¹z
1160 1646 1370 1717 ·stodhm·,
1405 1647 1504 1727 iuquit
1537 1647 1605 1720 iste,
1682 1657 1683 1720 i

384 1741 568 1817 «Ecclesiae
589 1769 672 1826 suae,
694 1769 786 1834 qnam
808 1753 950 1816 ardenter
969 1753 1102 1830 amabat,
1124 1769 1218 1834 uttam
1242 1754 1344 1816 verbis
1367 1752 1606 1816 vehementibus

379 1859 569 1933 deleniebat,
590 1859 763 1940 frequenter
784 1859 919 1939 abripuit
940 1849 1010 1922 eum
1033 1859 1070 1922 ad
1092 1860 1280 1922 concitatum
1303 1861 1465 1933 lervorem,
1486 1858 1613 1923 adires
1682 1847 1683 1936 l

379 1966 541 2044 flagrantes
562 1973 667 2029 contre
689 1966 903 2045 Evangelicem
928 1965 1106 2029 Ecclesiam.
1139 1966 1345 2029 Nihilominus
1376 1965 1469 2029 lande
1503 1967 1608 2047 ipsum
1682 1959 1683 2032 l

379 2073 491 2136 eximin
514 2073 665 2136 illustrare
686 2072 794 2136 debeo.
825 2071 914 2136 Vires
946 2074 1027 2135 enim
1060 2087 1165 2136 omnes
1197 2089 1254 2135 suo
1286 2073 1382 2135 amori
1416 2073 1556 2150 devovit,
1580 2083 1610 2136 et
1682 2053 1683 2102 ¹

379 2179 462 2243 zelus
483 2179 593 2242 domus
614 2178 727 2242 domini
750 2179 883 2242 comedit
904 2195 974 2242 eum
992 2205 1019 2243 ι.

461 2389 482 2468 s
506 2387 535 2452 b.
557 2383 657 2472 Opere
679 2381 784 2453 omnia
806 2381 923 2454 liioolei
945 2381 1116 2454 Herbomei
1142 2400 1212 2454 cnm
1233 2381 1524 2455 abbreviationibus

736 2495 903 2569 diuorum
926 2518 947 2569 e
969 2496 1056 2569 nobis
1078 2496 1244 2572 edbibilie.

459 2709 599 2792 Epicteto
619 2710 820 2791 (germanica)
842 2709 880 2773 ad
903 2711 1087 2791 Philippum,
1109 2711 1237 2775 {lamiae
1258 2712 1472 2790 Landgraiium
1492 2713 1612 2792 (exstat

380 2818 410 2880 in
434 2818 527 2880 variis
549 2816 768 2896 bibliothecis).

458 2925 529 2987 Ass.
549 2946 589 2982 =
611 2922 799 2986 Assertioues
821 2916 966 2986 trecentae
987 2943 1023 2986 oc
1042 2923 1157 3006 emisti
1181 2943 1235 2987 sce
1266 2925 1367 2988 iratris
1390 2925 1506 2989 Nicolai
1529 2927 1609 2990 Her-

380 3031 485 3093 bornei
507 3030 672 3092 Guardiani
695 3031 934 3110 llerpurgengis,
964 3046 1054 3092 verae
1083 3030 1289 3106 orthodoxae,
1311 3031 1461 3096 aduersus
1481 3033 1611 3097 Frenoi-

380 3137 424 3200 sci
447 3137 599 3200 lamberti
621 3137 737 3200 exiticii
769 3137 909 3200 monaehi
943 3135 1101 3216 paradoxa
1133 3138 1228 3217 impie
1250 3155 1287 3201 ac
1312 3139 1427 3201 erroris
1449 3139 1552 3220 plena,
1575 3141 1609 3202 in
1682 3167 1683 3200 r

379 3243 602 3320 Hombergiana
625 3244 790 3306 Hessornm
811 3243 1045 3320 congregatione
1067 3245 1236 3325 proposita,
1257 3261 1294 3307 ec
1321 3246 1391 3326 plus
1419 3261 1511 3326 quam
1537 3247 1608 3311 hae·
1682 3239 1683 3272 ¹

380 3350 561 3414 reticissime
582 3349 713 3412 deducte
736 3355 765 3411 et
785 3350 933 3428 exposita.
956 3347 1018 3412 Col.
1039 3350 1132 3411 -ln
1165 3351 1213 3413 his
1243 3351 1439 3415 eontinentur
1469 3355 1612 3416 numeris

378 3458 507 3518 &5326
530 3454 719 3518 assertiones
739 3453 832 3525 nime,
854 3453 966 3535 quibus
994 3463 1163 3519 excusatur
1190 3457 1384 3521 Guardienns
1412 3458 1610 3540 hlarpurgen·

378 3564 421 3626 sis
440 3569 497 3626 etc.
521 3561 700 3641 (Exemplar
720 3561 850 3624 habetur
872 3562 901 3622 in
922 3559 1054 3638 Collegio
1078 3559 1309 3626 Wilhelmitauo
1331 3564 1537 3642 ingemmati,
1554 3567 1611 3630 Nr.

379 3673 455 3744 iim
477 3669 693 3732 hmstelodami
714 3666 797 3744 etc).

459 3777 516 3858 Ep.
538 3773 580 3838 cd
601 3775 662 3837 Col.
695 3796 737 3831 =
761 3771 900 3856 Epistola
929 3771 971 3836 od
1003 3771 1214 3837 boloniensem
1248 3777 1453 3841 iellcissimam
1487 3779 1610 3854 urbem,

233 3893 339 3951 apuu.
379 3898 440 3963 qna
462 3882 602 3945 hortatur
623 3880 762 3954 eundem,
783 3879 826 3941 uti
848 3887 955 3958 pergat
987 3879 1136 3942 maiorum
1169 3898 1293 3945 suorum
1328 3883 1489 3947 inhaerere
1517 3887 1608 3948 vesti-

264 3948 319 3994 m
380 3989 447 4068 giis,
513 4005 574 4069 quta
597 3987 668 4051 item
692 3987 798 4066 paucis
812 3985 976 4065 respondet
990 3985 1265 4064 impudentissimis
1279 3989 1434 4052 Francisci
1450 3991 1608 4056 Lamberti

379 4096 550 4160 seductoris
571 4095 696 4157 Hessiae
719 4091 893 4156 mendaciis.
916 4090 977 4154 Col.
1000 4090 1144 4172 (exempl.
1180 4093 1210 4154 iu
1243 4095 1315 4157 hibi.
1351 4096 1474 4161 Paulina
1503 4099 1610 4164 Mona·

379 4203 464 4266 sterii
486 4201 623 4279 coesus.

452 4445 461 4478 ¹
486 4443 636 4514 Waddirtp„
658 4444 673 4496 l.
692 4456 715 4496 c.
736 4441 840 4496 eti-te.

451 4534 462 4566 ¹
482 4533 654 4601 Denttschriit,
674 4531 715 4586 37.
