3364 5092
354 273 416 342 138
667 295 863 347 consummo
886 298 1117 347 nuruunnnrsur
1141 300 1257 348 nnurcr.

351 426 382 486 et
406 418 653 504 implorationem
678 421 796 508 ubique
821 428 1006 507 torpentem,
1032 430 1116 490 tanta
1138 441 1275 510 eramque
1291 425 1425 492 utilitate
1450 428 1596 512 prii-‘an-

351 533 407 606 tes,
432 526 490 594 nisi
515 527 597 613 quod
622 528 660 612 (si
684 527 789 595 dicere
813 527 858 596 ias
881 531 934 607 sit)
958 547 998 596 ex
1016 539 1105 615 patre
1127 530 1250 598 diabolo
1265 534 1350 612 estis,
1374 535 1428 619 qui
1447 552 1508 620 per
1527 553 1596 600 vos

351 632 439 718 quasi
464 633 616 719 quaedam
640 653 757 720 organa
780 652 838 702 sua
860 643 891 703 et
913 636 994 703 divis
1017 637 1167 704 honorem
1191 643 1222 705 et
1238 637 1420 705 hominibus
1442 640 1593 706 salntem

350 740 476 807 invidet.
501 741 544 806 dn
561 741 721 826 ignoratis,
737 741 832 808 divini
850 739 942 826 (103)
960 743 1046 810 verbi
1062 742 1307 829 dispensatorem
1323 753 1472 831 oportere
1488 746 1595 812 iuxta

183 858 235 902 tuo
250 859 327 913 tate
350 847 531 934 parabolam
555 847 769 933 Evangelicam
794 867 856 916 non
880 849 971 916 modo
995 850 1116 916 fidetem
1141 869 1219 929 esse,
1244 852 1472 919 verumetiam
1503 871 1593 938 pru-

183 965 263 1065 1335-
278 965 332 1064 ⁶32⁵·
351 953 488 1034 dentem,
512 955 673 1034 nimirum,
697 962 734 1022 ut
757 973 829 1022 cum
853 957 997 1042 Apostoio
1020 957 1123 1025 dicere
1152 959 1251 1024 norit:
1279 959 1401 1024 Omnia
1432 955 1520 1024 neidr'
1545 959 1593 1024 n·-

260 1051 266 1072 '
309 1053 314 1066 '
352 1069 434 1140 cent,
457 1061 596 1127 sednon
620 1061 733 1128 omnin
756 1062 942 1148 expediunt.
967 1064 1063 1131 Porro
1086 1065 1234 1149 quoniam
1259 1071 1290 1132 et
1314 1065 1358 1131 rei
1386 1065 1519 1132 veritate
1554 1075 1593 1132 et

353 1168 422 1236 luce
446 1170 677 1253 scripturarum
701 1168 812 1248 adacti,
837 1170 893 1236 etsi
918 1189 979 1236 non
1004 1189 1165 1256 expresse,
1186 1180 1288 1238 tamen
1314 1173 1405 1238 tacite
1428 1171 1591 1240 videmini

352 1275 533 1356 concedere,
556 1275 663 1342 utitem
680 1293 748 1343 osse
771 1277 860 1343 nobis
877 1285 1056 1343 sanctorum
1075 1277 1311 1358 invocationem,
1329 1279 1430 1346 missis
1446 1280 1591 1364 singuiis

352 1383 521 1468 utriusque
546 1383 720 1450 testamenti
747 1383 821 1450 iocis
838 1383 1031 1462 tectioribus,
1048 1383 1101 1468 qui
1127 1385 1207 1450 hanc
1225 1385 1254 1451 in
1281 1403 1346 1451 rem
1370 1385 1483 1452 adduci
1510 1404 1589 1471 pos-

353 1496 431 1569 sent,
456 1507 497 1556 ex
522 1489 670 1556 universa
693 1490 851 1575 scriptura
874 1508 973 1555 unum
998 1490 1143 1574 generate
1165 1499 1387 1576 argumentum
1410 1511 1507 1577 quam
1534 1493 1589 1558 lu-

352 1595 602 1664 culentissimum
638 1595 827 1681 produxisse
850 1603 1016 1662 contentus
1046 1596 1145 1662 tuero.
1178 1599 1256 1663 Sunt
1289 1599 1370 1664 enim
1403 1599 1587 1683 courplura,

353 1722 434 1791 quae
457 1703 514 1769 etsi
539 1721 603 1769 runo
626 1703 764 1770 alterove
787 1703 962 1787 scripturae
996 1705 1061 1770 ioco
1087 1722 1145 1769 non
1179 1713 1253 1771 sunt
1279 1721 1442 1790 expressa,
1475 1712 1589 1772 mmen

352 1831 394 1879 ex
417 1811 564 1877 omuibus
589 1809 641 1875 Dei
666 1810 798 1895 eloquiis
822 1810 903 1877 inter
927 1829 960 1876 se
983 1811 1102 1877 collatis
1125 1811 1210 1877 uitro
1238 1818 1489 1897 consequuntur.

442 1919 548 1984 Nonne
582 1923 703 1983 constat
738 1934 794 2002 per
829 1917 997 2002 utriusque
1022 1917 1195 1984 testamenti
1227 1917 1409 1997 decursum,
1435 1919 1586 1985 homines

353 2025 457 2092 adhuc
481 2025 511 2090 in
537 2032 623 2090 terra
646 2024 762 2108 positos
786 2041 876 2108 posse
900 2023 1034 2089 vicissim
1060 2042 1117 2108 pro
1132 2043 1165 2091 se
1188 2043 1291 2103 orare,
1307 2033 1339 2091 et
1362 2031 1491 2091 mutuas
1507 2043 1584 2091 ora-

354 2133 453 2199 tiones
478 2131 609 2198 invicem
633 2147 700 2196 esso
724 2130 882 2214 petendas,
901 2130 928 2196 id
953 2131 1035 2215 quod
1063 2131 1176 2198 Paulus
1200 2132 1229 2197 in
1246 2131 1394 2198 omnibus
1417 2131 1490 2198 iacit
1515 2133 1587 2217 epi-

354 2240 464 2306 stoiis‘t
488 2239 611 2322 Quanto
635 2237 732 2322 magis
755 2255 830 2322 ergo
854 2237 962 2314 suncti,
986 2256 1058 2304 cum
1084 2239 1146 2304 Deo
1178 2246 1343 2323 regnantes
1373 2243 1405 2304 et
1430 2238 1491 2303 voti
1527 2257 1588 2323 per

353 2346 457 2413 omnia
480 2350 649 2430 compotes,
675 2362 731 2428 pro
755 2343 843 2410 nobis
859 2344 941 2428 apud
960 2346 1057 2410 Deum
1076 2345 1268 2411 intercedere
1291 2353 1435 2429 possunt,
1458 2363 1589 2411 eorum

354 2471 416 2538 qne
439 2452 588 2538 suffragia
611 2451 700 2517 nobis
723 2457 798 2517 sunt
814 2451 1029 2535 imploranda?
1045 2453 1143 2518 Tanto
1159 2469 1243 2530 saue,
1267 2451 1393 2536 qnando
1410 2452 1495 2517 iiiam
1512 2471 1587 2518 coe

354 2561 462 2627 testem
488 2560 581 2625 vitam
607 2559 665 2624 trac
690 2558 830 2624 terrestri
857 2557 1072 2642 perfectiorem
1097 2576 1165 2625 esse
1189 2565 1318 2625 constat.
1344 2559 1419 2624 Nam
1435 2558 1587 2625 Christus

191 2671 276 2780 impp).
293 2671 325 2724 ¹¹·
355 2675 557 2753 posteaquam
581 2665 723 2731 dixerat:
751 2665 839 2728 Inter
869 2675 965 2729 notos
990 2665 1167 2730 tinniturum
1201 2684 1265 2730 non
1296 2665 1446 2730 surrexit
1469 2665 1588 2732 uanior

276 2757 282 2769 ’
355 2775 479 2840 Ioonne
503 2773 666 2859 Baptista,
692 2771 841 2838 subiecit:
868 2770 934 2853 Qui
956 2779 1065 2836 (tactem
1089 2772 1201 2837 minor
1223 2781 1269 2836 est
1294 2771 1328 2837 in
1352 2790 1454 2857 repud
1481 2771 1586 2838 coeto-

356 2901 446 2960 rum,
470 2881 581 2947 maior
604 2887 649 2946 est
674 2879 736 2946 ilio.
763 2877 877 2944 Paulus
900 2895 1027 2963 quoque
1051 2886 1245 2962 praesentem
1265 2878 1358 2944 vitam
1384 2896 1456 2944 cum
1474 2879 1588 2946 iutura

199 2990 284 3088 iflffi·
299 2989 332 3042 ¹³·
356 2987 519 3055 conferens
541 2986 601 3052 ait:
628 2985 710 3052 Crem
734 2984 857 3050 venerat
877 2985 965 3072 quod
979 2982 1161 3070 perfeetum
1185 2993 1242 3063 est,
1260 2993 1338 3051 tone
1361 2985 1587 3051 concitabitur

192 3096 248 3142 rm.
263 3075 283 3150 ¹2
297 3095 332 3140 ²¹·
355 3096 442 3184 quod
465 3113 505 3160 es
526 3102 624 3180 porte
646 3100 711 3170 est,·
735 3091 818 3156 unde
841 3091 901 3156 alio
926 3091 955 3155 in
981 3091 1048 3156 ioco
1065 3089 1152 3156 mori
1167 3091 1299 3156 inertem
1315 3091 1373 3157 sibi
1399 3109 1468 3158 esse
1483 3091 1586 3171 ducit,

355 3201 608 3288 quandoquidem
632 3207 733 3265 morto
755 3198 857 3263 omnis
880 3198 961 3264 vitae
977 3197 1170 3282 imperiectio
1185 3197 1361 3264 adiicietur.
1378 3198 1484 3284 Neque
1507 3217 1586 3264 vero

355 3309 427 3396 quis
451 3317 535 3375 recte
558 3307 686 3384 riixerit,
710 3305 845 3371 alienum
870 3322 938 3370 esse
961 3310 1077 3370 astatu
1103 3303 1258 3370 felicitatis
1280 3303 1438 3380 divorum,
1464 3312 1500 3369 ut
1525 3323 1593 3400 pro·

356 3415 541 3483 mortalibus
563 3412 646 3498 apud
672 3413 769 3477 Deum
795 3411 997 3476 intercedant.
1022 3411 1096 3475 Natu
1121 3409 1265 3476 Ciuistns
1291 3410 1366 3494 ipse,
1391 3418 1486 3495 captat
1511 3429 1586 3476 san-

217 3521 314 3622 ssgfffss
355 3533 477 3594 storum
503 3523 594 3588 iuxta
623 3519 795 3586 doctrinam
820 3517 1035 3602 apostoticam,
1060 3516 1231 3583 secundum
1265 3516 1492 3584 irunranitatem
1526 3537 1586 3602 pro

204 3607 327 3727 mitid·
356 3633 446 3700 nobis
469 3626 668 3712 interpellare
698 3625 823 3692 dicitur.
849 3623 921 3689 Non
953 3633 998 3689 eet
1026 3623 1211 3708 disciputus
1233 3643 1342 3709 supro
1366 3625 1584 3709 conputrern,

197 3714 332 3836 b⁰f3⁶p3ffl=
355 3759 413 3806 nec
435 3756 552 3804 seruus
574 3753 683 3820 supro
714 3731 884 3798 donaturum
916 3749 1026 3794 ,ronna
1061 3731 1120 3795 Hoc
1151 3737 1256 3797 autem
1288 3731 1353 3796 solo
1386 3730 1585 3815 potissimum

251 3821 257 3834 ’
300 3821 305 3834 ’
355 3851 541 3931 argumento
571 3841 727 3926 gloriosus
758 3837 808 3904 iiio
839 3837 1047 3920 Hieronymus
1079 3837 1108 3901 in
1145 3836 1203 3902 troc
1236 3837 1372 3904 tircruate
1401 3837 1586 3904 disserendo

355 3953 507 4020 adversus
530 3947 731 4034 Vigilantium
755 3951 921 4010 contentus
944 3943 1039 4010 inisse
1062 3941 1196 4020 videtur,
1213 3943 1336 4009 dicens:
1366 3969 1382 4002 α
1400 3944 1430 4009 Si
1447 3945 1584 4029 Apostoli

355 4069 387 4128 et
409 4061 562 4142 Martyres
584 4055 688 4122 adduc
712 4053 742 4118 in
766 4067 898 4135 corpure
922 4049 1081 4116 constituti
1109 4058 1237 4133 possunt
1261 4068 1353 4116 orare
1379 4069 1437 4135 pro
1459 4053 1585 4131 ceteris,

356 4165 481 4253 qnando
505 4182 562 4249 pro
585 4179 618 4228 se
641 4159 747 4226 adhuc
767 4155 882 4223 debent
904 4173 972 4220 esse
989 4151 1075 4238 (104)
1093 4154 1227 4232 solliciti,
1251 4166 1370 4240 quanto
1394 4157 1493 4242 magis
1515 4167 1586 4243 post

242 4263 248 4270 “
356 4289 497 4349 coronas,
523 4268 668 4336 victorias
690 4273 722 4332 et
745 4261 977 4347 triumphose?
1002 4260 1083 4326 Nihil
1107 4261 1188 4326 enim
1215 4263 1273 4328 troc
1297 4281 1361 4329 uno
1385 4264 1416 4329 in
1442 4271 1504 4330 tota
1521 4265 1585 4330 dis-

357 4380 516 4466 putatione
540 4377 591 4443 itin
615 4373 742 4460 pravius
765 4369 961 4452 validiusque
985 4367 1117 4432 invenio.
1143 4369 1241 4452 Atque
1265 4387 1333 4436 mea
1357 4370 1484 4455 quidem
1517 4390 1584 4437 sen·

356 4488 453 4553 tentia
476 4483 629 4552 catholico
652 4479 767 4564 cuique
789 4475 861 4542 fucit
885 4474 969 4552 satie,
1002 4472 1138 4538 maxime
1162 4473 1245 4558 quod
1270 4478 1367 4544 sancti
1400 4478 1431 4543 in
1455 4476 1583 4544 domino
