3364 5092
361 219 423 285 118
675 236 869 287 cournrarro
891 237 1124 286 unmanarusur
1146 237 1264 285 numer.

357 365 436 440 rata,
458 361 514 430 sed
536 361 596 447 (nti
621 369 705 429 recte
727 361 841 444 dicitis)
865 379 922 430 nec
945 361 1013 448 ipsa
1034 360 1161 448 quidem
1184 379 1266 449 quae
1289 361 1374 430 Deus
1396 361 1464 448 ipse
1493 379 1606 447 prae-

358 467 449 554 cepit,
472 468 705 554 quantnmlibet
728 469 867 555 speciosa
889 487 995 536 coram
1021 467 1201 536 hominibus
1222 469 1440 555 apparuerint.

446 577 483 642 llt
505 574 669 644 ediverso
693 575 870 643 iustificatio
903 576 997 643 etiam
1021 575 1084 655 illa,
1107 594 1172 662 qua
1205 593 1312 643 coram
1340 575 1404 643 Deo
1427 575 1504 644 iusti
1528 576 1603 642 ba-

208 693 251 740 nt
265 694 286 748 a
300 693 334 738 2²·
358 682 481 762 bemnr,
506 699 617 748 rernm
641 678 786 760 secunda,
803 689 835 750 et
857 688 893 749 ut
916 682 1045 750 lacobus
1067 682 1180 768 inquit,
1202 679 1430 760 consummate,
1454 700 1519 768 qua
1548 683 1605 748 ri-

357 788 470 856 delicet
490 805 532 856 ex
554 787 646 856 iustis
669 788 815 856 iustiores
837 796 869 857 et
891 807 933 857 ex
956 789 1072 857 sanctis
1093 789 1250 858 efficimur
1266 789 1448 868 sanctiores,
1464 787 1505 856 de
1520 807 1600 874 qua

189 905 342 966 rpoemn.
359 895 436 963 illud
459 895 683 982 apocalypseos
706 895 909 982 intelligitur:
935 897 1001 979 Qui
1022 896 1132 963 iustus
1153 903 1211 976 ert,
1234 893 1435 981 iustificetur
1459 894 1599 974 adduc,

358 1020 455 1089 opera
478 1010 585 1071 nostra
607 1000 676 1088 (82)
700 1003 833 1088 primam
856 1003 1106 1071 iustificationem
1122 1003 1344 1089 consequentia
1366 1003 1427 1068 iam
1451 1021 1495 1070 ex
1511 1021 1599 1088 gra-

205 1107 287 1167 'fltetss
301 1119 335 1164 ¹⁵·
359 1111 402 1179 tia
424 1117 456 1178 et
489 1111 642 1178 charitate
676 1110 824 1196 prolecta,
858 1111 1035 1178 necessario
1068 1110 1178 1197 exigit,
1201 1127 1241 1177 ne
1276 1110 1427 1178 talentum
1452 1109 1547 1177 nobis
1575 1129 1599 1175 a

359 1219 424 1286 Deo
447 1216 596 1285 traditum
619 1216 809 1285 defodientes
831 1217 863 1284 in
887 1223 1004 1284 terram
1019 1226 1051 1286 et
1066 1217 1232 1303 pecuniam
1254 1216 1369 1284 dornini
1387 1217 1489 1284 nostri
1513 1217 1596 1283 abs-

216 1333 238 1378 t·
252 1333 301 1379 θοι·
315 1334 337 1378 ⁶·
360 1323 527 1392 condentes
550 1323 581 1389 in
604 1341 740 1390 racnnm
764 1323 896 1410 gratiam
921 1323 974 1390 bei
997 1323 1197 1408 accipiamus,
1220 1322 1275 1390 sed
1297 1322 1336 1389 ad
1367 1339 1499 1389 usuram
1527 1341 1598 1390 ex-

360 1438 510 1516 ponentes
533 1427 729 1516 negotiemur
764 1427 794 1496 in
829 1447 877 1509 eo,
902 1436 938 1496 ut
970 1429 1112 1496 nonnihil
1146 1428 1275 1515 insuper
1298 1427 1474 1508 lucremur,
1499 1427 1595 1515 quod

360 1537 581 1604 dominorum
605 1535 731 1604 foenore
754 1536 920 1622 aliquando
944 1535 1121 1615 reddamus,
1144 1536 1189 1604 sic
1218 1535 1427 1615 ambulantes,
1452 1545 1489 1602 ut
1513 1555 1595 1622 gra-

361 1643 421 1710 liae
444 1661 506 1710 usu
529 1650 560 1710 et
583 1642 745 1724 exercitio,
768 1642 869 1730 gratia
892 1642 989 1729 magis
1012 1641 1208 1710 abundemus
1230 1647 1262 1709 et
1283 1641 1397 1709 divites
1420 1641 1537 1709 fiamus
1556 1643 1594 1709 in

209 1759 333 1859 hug-2⁵.
360 1749 450 1816 bonis
473 1749 638 1835 operibus:
666 1749 765 1816 Omni
797 1749 883 1816 euim
918 1746 1060 1826 babenti,
1085 1748 1203 1816 scilicet
1237 1755 1273 1815 nt
1304 1755 1437 1834 oportet,
1470 1747 1593 1828 idest,

281 1846 287 1859 ’
360 1855 459 1923 utenti
482 1856 594 1942 gratia,
617 1855 754 1923 debitur
777 1864 807 1922 et
829 1854 1022 1922 abundabit.
1039 1893 1083 1904 -
1099 1855 1160 1922 lloc
1182 1862 1287 1922 autem
1312 1855 1355 1922 ita
1379 1855 1593 1940 perspicuum

359 1971 417 2042 est,
440 1970 476 2029 nt
499 1963 554 2029 soli
579 1962 676 2030 lacem
701 1962 843 2030 rideatur
866 1961 1036 2029 accendere
1067 1963 1157 2040 velle,
1179 1962 1234 2048 qui
1265 1979 1333 2028 eam
1358 1961 1390 2027 in
1414 1979 1481 2028 rem
1506 1962 1594 2028 scri-

333 2131 336 2138 .
361 2077 527 2156 pturarum
551 2069 625 2137 velit
648 2067 803 2136 adducere
825 2069 1011 2148 testimonia,
1035 2087 1173 2155 quorum
1199 2069 1244 2136 rel
1272 2073 1335 2134 tota
1355 2068 1497 2153 plaustra
1523 2069 1593 2134 buc

359 2176 470 2244 adrebi
494 2183 630 2261 possent,
653 2175 906 2262 quandoquidem
941 2175 1099 2261 scriptura
1133 2193 1287 2261 nusquam
1314 2193 1375 2242 non
1399 2182 1430 2242 et
1454 2192 1592 2259 praece-

361 2283 422 2370 ptis
444 2290 476 2350 et
497 2283 652 2368 exemplis
686 2282 840 2349 bonorum
875 2299 1006 2368 operum
1041 2290 1149 2360 scatet,
1172 2281 1203 2348 id
1233 2280 1317 2368 qnod
1344 2282 1391 2348 rel
1413 2281 1591 2368 decalogus

359 2389 445 2458 solus
467 2389 544 2455 nulli
568 2407 630 2456 non
654 2389 797 2473 cognitus
819 2387 943 2456 abunde
977 2405 1085 2455 omnes
1117 2386 1230 2455 docere
1253 2395 1386 2474 poterat,
1409 2386 1448 2453 ad
1472 2405 1586 2473 quern,

360 2503 395 2563 nt
417 2503 489 2563 ante
511 2495 662 2574 diximus,
678 2495 826 2563 universa
842 2495 920 2564 bene
936 2494 1057 2562 vivendi
1076 2503 1241 2581 praecepta
1257 2494 1451 2572 referuntur,
1473 2501 1592 2579 utpote

358 2603 513 2670 bonorum
537 2620 669 2687 operum
704 2610 870 2688 praecepta
903 2602 1075 2680 continens
1101 2609 1137 2668 nl
1170 2601 1274 2669 nescio
1309 2600 1459 2668 mirarine
1484 2601 1592 2687 magis

359 2709 607 2788 inconstantiam,
622 2727 661 2776 an
679 2709 841 2776 stultitiam
865 2709 969 2795 potius
993 2708 1096 2776 ridere
1111 2708 1239 2776 debeam
1256 2725 1367 2776 eornm
1384 2707 1590 2774 concionato-

359 2833 443 2894 rum,
467 2816 533 2901 qni‚
557 2824 722 2902 postquam
747 2817 948 2901 crepantibus
982 2815 1089 2883 buccis
1123 2814 1345 2901 praedicarunt
1368 2814 1465 2881 solam
1489 2813 1589 2882 fidem

357 2930 389 2988 et
412 2922 493 2988 bona
514 2939 610 3006 opera
633 2921 890 3002 condemnarunt,
916 2922 947 2988 in
971 2922 1055 2990 calce
1088 2929 1189 2989 tamen
1221 2921 1260 2988 ad
1291 2921 1444 3007 populum
1468 2939 1486 2988 e
1512 2938 1587 3007 sug·

359 3035 445 3114 gesto
468 3027 649 3113 decalogum
673 3034 704 3095 et
726 3029 898 3096 orationem
933 3028 1118 3096 dominicam
1155 3027 1275 3096 reterre
1298 3028 1409 3106 solent,
1433 3045 1497 3094 non
1521 3029 1590 3094 ani-

357 3133 588 3201 madvertentes
612 3135 688 3202 baec
712 3153 852 3220 pugnare
877 3135 924 3202 rel
947 3153 988 3203 ex
1012 3134 1174 3215 diametro,
1200 3152 1272 3202 cum
1298 3139 1384 3201 certe
1408 3151 1493 3202 unus
1517 3134 1589 3220 ipse

359 3240 522 3326 bpostolus
545 3241 619 3307 buic
653 3257 786 3326 operum
819 3241 1020 3321 distinctioni,
1056 3259 1168 3326 nempe
1202 3237 1456 3330 praecedentium
1487 3251 1589 3326 atque

357 3345 554 3437 meantium
576 3347 669 3414 fidem
693 3347 817 3414 abunde
840 3347 957 3416 iecerit.
982 3349 1057 3416 Nam
1082 3348 1108 3415 is
1132 3349 1290 3414 maximus
1322 3347 1437 3434 alioqui
1462 3348 1589 3434 gratiae

358 3460 390 3520 et
413 3452 483 3520 fidei
507 3453 690 3521 buccinator
714 3454 831 3541 ubique
855 3463 958 3522 tamen
983 3473 1091 3522 ornnes
1115 3455 1262 3540 epistolas
1291 3455 1401 3522 morali
1426 3454 1494 3522 loco
1519 3455 1588 3541 ple

359 3577 495 3645 rumque
518 3559 685 3639 concludit,
709 3569 877 3628 annectens
899 3560 965 3629 lere
988 3561 1128 3629 tractatis
1151 3560 1221 3629 fidei
1245 3561 1386 3648 negotiis
1416 3569 1588 3646 praecepta

358 3665 513 3734 bonorum
537 3683 681 3752 operum,
706 3666 735 3733 id
758 3667 842 3754 quod
866 3685 938 3734 cum
964 3668 993 3734 in
1018 3668 1086 3736 aliis
1110 3676 1177 3735 tum
1201 3669 1233 3734 in
1257 3668 1312 3747 eis,
1335 3686 1417 3754 quae
1445 3668 1586 3736 suntad

359 3772 513 3838 Romanos
536 3779 567 3840 et
589 3771 723 3851 Galatas,
751 3775 887 3842 maxime
911 3774 1016 3842 ridere
1040 3775 1120 3842 licet.
1156 3775 1232 3841 Nam
1264 3781 1429 3860 postquam
1454 3773 1517 3841 illic
1541 3793 1585 3842 ex

359 3878 499 3964 prolesso
522 3879 583 3946 rim
607 3879 795 3948 iustificandi
819 3881 967 3967 operibus
983 3881 1115 3967 gratiam
1131 3881 1391 3968 praecedentibus
1405 3880 1585 3960 ademisset,

359 4003 470 4052 versus
494 3985 587 4053 linem
612 3993 715 4053 tamen
739 3987 908 4074 utrobique
931 3988 968 4054 ad
999 3989 1149 4056 moralem
1185 3987 1288 4055 locum
1313 3989 1468 4056 transiens
1491 4005 1585 4073 prae-

359 4099 449 4177 cepta
472 4091 626 4158 bonorum
651 4110 782 4178 operum
808 4094 1000 4179 praescribit.
1025 4094 1117 4179 Quid,
1142 4093 1226 4180 quod
1257 4094 1423 4180 spostolus
1453 4094 1520 4180 ipse
1543 4094 1583 4161 ad

359 4199 512 4265 Romanos
534 4199 623 4284 quasi
648 4198 862 4284 scrupulum*
886 4201 971 4267 bunc
994 4218 1090 4286 opera
1108 4200 1212 4268 dedita
1234 4201 1375 4269 eximere
1392 4200 1511 4280 rolens,
1528 4221 1584 4268 an-

360 4311 485 4390 tequam
510 4305 671 4390 perreniat
694 4305 731 4372 ad
765 4306 866 4373 locum
902 4306 1062 4386 moralem,
1087 4307 1206 4375 interea
1229 4307 1277 4376 bis
1300 4306 1477 4388 obiectioni,
1500 4325 1582 4394 quae

422 4437 433 4458 “
450 4435 572 4498 scriptum.
