3364 5092
521 326 649 374 nannius
672 325 877 376 conpressus.
1249 313 1310 380 113

77 433 302 534 mendacinml'
312 457 417 518 cetera
433 451 563 518 inerunt
577 451 719 519 adducta.
737 453 811 519 Nam
829 453 947 520 iustitia
963 471 1009 534 ea,
1025 455 1064 522 de
1079 473 1143 540 qua
1164 472 1312 540 praesens

75 565 129 622 est
146 557 326 637 decertatio,
342 558 497 644 generalis
512 559 577 626 sive
595 559 700 644 legalis
715 567 773 637 est,
796 567 905 646 utpote
921 578 1043 628 omnem
1061 562 1209 628 virtutem
1227 579 1311 628 com·

76 664 225 748 plectens
246 672 277 731 et
301 665 397 732 totins
421 665 497 751 legis
519 665 736 734 observatione
759 675 915 746 constans,
930 667 1052 735 dicente
1073 667 1163 734 beato
1185 668 1309 735 lacobo:
1382 689 1386 700 ·

78 770 246 858 Quisquis
268 781 371 838 toto-m
394 771 493 859 legem
528 772 722 851 smuuucrit,
747 769 917 859 offenderit
951 783 1061 840 utitem
1093 774 1129 840 io
1153 793 1231 854 acrio,
1255 773 1310 860 fa·
1332 789 1374 836 m.
1388 791 1408 842 ².
1426 791 1460 836 ιο.

76 885 162 942 ctae-s
183 885 226 943 cst
248 879 398 944 omnium
433 897 521 945 reus.
548 879 643 945 Porro
678 879 824 946 universa
856 880 932 966 legis
968 888 1143 966 praecepta,
1167 899 1248 968 qnae
1271 882 1308 950 ad

76 983 171 1050 ritae
198 985 348 1052 iustitiam
379 985 522 1064 attinent,
546 985 612 1052 solo
642 984 789 1072 decalogo
819 987 1037 1065 continentum
1062 986 1100 1053 ad
1126 988 1202 1054 naec
1224 989 1308 1054 enim

76 1098 190 1156 cetera
212 1091 290 1158 bene
314 1091 436 1158 vivendi
462 1097 627 1177 praecepta
651 1091 835 1159 reseruntur
858 1093 973 1159 omnia.
1010 1093 1095 1160 Unde
1122 1093 1308 1160 adolescenti

77 1197 318 1283 rogantique
342 1198 414 1265 boni
447 1197 572 1276 laceret,
596 1206 632 1264 nt
667 1197 797 1266 haberet
829 1200 922 1266 vitam
955 1207 1125 1281 aeternam,
1150 1201 1310 1286 respondit

76 1303 247 1372 dominus:
273 1304 370 1390 Quod
391 1305 424 1371 si
445 1307 497 1372 uic
519 1306 565 1372 cd
587 1305 691 1372 uilem
715 1305 857 1391 ingredi,
880 1325 980 1373 cerua
996 1307 1172 1386 mundata,
1189 1313 1220 1375 et
1235 1325 1308 1374 con·
1336 1323 1411 1368 unm.
1426 1323 1460 1378 ro,

78 1411 219 1478 tinenter
243 1412 318 1478 inibi
343 1418 465 1478 tantum
489 1411 627 1498 decalogi
652 1421 817 1497 praecepta
850 1412 878 1479 ei
913 1412 1057 1481 ostendit
1095 1414 1172 1481 Haec
1202 1420 1307 1480 antem
1396 1377 1416 1422 ⁷¹

77 1515 191 1584 decem
214 1517 361 1586 Christus
385 1517 599 1604 legisperitum
633 1518 724 1586 docet
746 1519 784 1586 ad
819 1519 872 1585 illa
901 1519 965 1586 duo
997 1539 1109 1606 magna
1143 1529 1309 1605 praecepta

78 1623 203 1703 reduci,
226 1631 323 1710 atque
346 1643 403 1710 per
426 1643 463 1692 ea
486 1626 552 1692 sola
574 1625 696 1711 impleri
727 1633 832 1694 cetera
863 1625 977 1706 omnia,
1002 1645 1113 1713 nempe
1136 1627 1309 1695 dilectionis

77 1731 142 1798 Dei
164 1738 194 1798 et
215 1731 390 1799 dilectionis
414 1732 562 1818 proximi,
585 1733 709 1800 dicens:
735 1733 774 1799 ln
798 1731 850 1800 lis
874 1732 1003 1800 duobus
1037 1735 1209 1801 mandatis
1241 1740 1309 1801 totu
1337 1749 1412 1795 math.
1426 1749 1459 1804 n,

79 1836 139 1904 lex
159 1837 272 1924 pendet
294 1846 322 1904 et
342 1857 387 1925 pr
388 1836 530 1924 opinatae
546 1839 692 1907 Ceterum
708 1840 772 1907 duo
789 1842 865 1908 naec
883 1841 997 1907 Paulus
1012 1841 1163 1908 demum
1156 1861 1187 1907 rn
1208 1859 1307 1908 unum
1383 1803 1416 1847 ‘⁰'

79 1944 211 2030 colligit,
238 1945 383 2012 videlicet
413 1944 609 2013 dilectionem
642 1947 791 2030 proximi,
822 1946 907 2032 qnod
938 1947 1073 2014 alterum
1109 1947 1175 2014 sine
1210 1948 1309 2014 altero

81 2051 206 2136 impleri
230 2059 377 2138 nequeat,
400 2052 525 2120 dicens:
558 2053 639 2119 Tora
663 2052 751 2119 lec
737 2073 773 2119 cn
789 2073 857 2120 rino
873 2053 970 2120 uerbo
986 2053 1178 2140 completur,
1196 2073 1309 2140 canipe
1331 2070 1378 2114 cc.
1393 2070 1413 2122 c,
1429 2070 1463 2114 rt.

81 2156 163 2224 noc:
186 2157 303 2245 diliges
324 2158 521 2245 proximum
544 2167 639 2225 tuum
664 2168 700 2225 ut
723 2159 873 2245 teipsum.
891 2162 960 2245 Quo
977 2160 1021 2240 m,
1039 2168 1074 2227 nt
1090 2162 1154 2228 sola
1170 2161 1309 2228 charitas

81 2265 128 2332 sit
149 2264 314 2332 universae
351 2264 427 2350 legis
456 2265 694 2344 consummatio,
718 2267 785 2350 ipso
813 2284 941 2353 quoqne
976 2268 1120 2352 apostolo
1156 2275 1307 2334 testante:

80 2369 271 2449 Plenitudo,
296 2371 409 2457 inquit,
433 2372 513 2459 legis
543 2381 590 2438 cat
619 2371 757 2438 dilectio.
794 2373 926 2440 Proinde
962 2375 1039 2441 haec
1074 2373 1202 2454 iustitia,
1226 2392 1307 2460 quae
1328 2388 1477 2440 maram.

82 2477 180 2544 totius
203 2477 280 2564 legis
301 2479 520 2546 observatione
543 2485 675 2557 constat,
698 2480 786 2546 nullo
817 2487 906 2566 pacto
930 2479 961 2546 in
986 2481 1051 2548 sola
1074 2481 1134 2548 tide
1158 2482 1308 2560 consistit,

80 2584 121 2650 de
144 2601 208 2670 qna
230 2585 371 2670 primum
394 2585 611 2652 tantummodo
633 2586 769 2672 decalogi
796 2594 996 2672 praeceptum
1021 2587 1309 2673 damneturque

81 2691 149 2757 sola
171 2692 295 2758 nullum
320 2691 480 2776 impletur,
504 2691 589 2760 sed
583 2713 612 2760 rn
629 2711 693 2760 una
708 2694 837 2778 solaque
853 2694 1016 2773 charitate,
1035 2711 1090 2779 per
1106 2712 1201 2779 qnam
1220 2712 1308 2779 prae·
1338 2711 1359 2755 r
1373 2711 1428 2756 nm.
1443 2713 1464 2756 r.

82 2805 174 2884 repta
197 2797 368 2884 implentur
391 2799 506 2865 omnia.
532 2799 611 2867 llaec
632 2799 715 2866 enim
741 2800 812 2866 linis
835 2807 882 2867 est
916 2801 1017 2867 omnis
1048 2800 1217 2886 praecepti,
1242 2800 1309 2866 vin·
1357 2765 1439 2810 ⁰⁰¹³

82 2905 191 2972 rnlum
215 2905 426 2990 perfectionis,
450 2905 640 2991 principium
664 2915 695 2974 et
720 2907 791 2974 linis
814 2908 969 2974 bonorum
986 2909 1139 2987 omnium,
1157 2925 1229 2974 cum
1245 2926 1308 2994 qua

83 3012 186 3078 rirtns
207 3012 321 3091 omnis,
344 3011 411 3078 sine
434 3030 497 3099 qua
521 3013 616 3080 nulla.
652 3013 728 3080 Nam
763 3021 835 3081 ante
870 3032 903 3080 se
938 3014 1057 3081 habens
1084 3032 1142 3082 cen
1167 3032 1309 3100 praeam-

83 3117 157 3185 bula
181 3117 274 3185 tidem
299 3124 331 3186 et
353 3136 451 3205 spem,
475 3119 658 3188 universum
691 3137 824 3187 examen
858 3121 1025 3188 moralium
1061 3121 1215 3188 virtutum
1239 3128 1310 3206 post

81 3245 114 3294 se
137 3225 364 3304 trapitionta
387 3225 629 3294 celeberrimum
653 3226 730 3294 illud
753 3227 916 3294 charitatis
931 3227 1107 3294 encomium
1125 3227 1308 3294 Paulinum:

84 3331 255 3410 Claritas,
280 3331 393 3417 inquit,
414 3333 545 3418 poliens
567 3341 624 3412 est,
649 3333 791 3420 benigna
814 3341 870 3412 cat,
895 3331 1046 3401 cherilus
1080 3333 1464 3412 centumcentumn,

81 3437 236 3506 ermricus
258 3457 326 3505 non
348 3447 395 3505 eat
425 3457 568 3525 procum,
591 3459 658 3506 non
686 3439 840 3525 inflatum
866 3460 930 3507 non
958 3449 1005 3506 erl
1027 3438 1218 3528 fnsti',rlroso
1243 3460 1309 3506 non
1376 3404 1421 3449 Η

81 3546 217 3636 quaerit
240 3563 326 3634 quae
348 3563 415 3612 cua
438 3554 528 3624 crint,
552 3566 618 3612 non
641 3546 815 3625 irritatur,
840 3565 906 3612 non
934 3547 1056 3634 copitar
1079 3547 1218 3626 malacin,
1242 3566 1309 3612 non

80 3652 205 3740 gaudet
228 3653 269 3718 de
291 3652 470 3731 intricatio,
493 3653 550 3718 secl
573 3653 758 3740 congaudet
781 3650 849 3734 inlr
873 3653 1028 3731 veritoli;
1050 3653 1165 3720 cornio
1180 3651 1308 3742 suffert,

82 3759 199 3826 omniu
221 3759 337 3835 credit,
354 3759 468 3826 omnia
491 3769 616 3844 sperui,
640 3762 753 3826 cornio
769 3761 916 3828 sustinet.
941 3761 1022 3844 Quin
1047 3778 1132 3839 vero,
1149 3761 1205 3827 etsi
1224 3761 1309 3826 nulle

82 3886 143 3934 non
169 3865 273 3932 virtus
297 3883 444 3951 magnum
468 3873 516 3932 est
538 3865 592 3932 [iel
618 3884 744 3944 munus,
769 3874 871 3934 tamon
896 3867 972 3934 sides
995 3867 1135 3933 omnium
1163 3868 1225 3933 ima
1251 3876 1308 3947 ost,

83 3973 180 4040 veluti
198 3973 301 4058 prima
318 3973 400 4040 basis
411 3981 506 4059 atque
518 3972 756 4040 fundamentum
770 3973 866 4039 totius
878 3973 1007 4040 aedilicii
1025 3975 1206 4059 spiritualis.
1221 3973 1306 4040 ,l'urn
1327 3989 1392 4035 near.
1408 3991 1442 4044 n,
1456 3991 1477 4034 5.

83 4082 142 4170 qui
163 4079 292 4148 cecedit
314 4081 360 4146 cri
385 4081 500 4159 Deum,
525 4078 613 4147 lirrnc
635 4082 665 4146 in
691 4081 801 4166 primis
825 4082 955 4148 credere
978 4090 1102 4166 oportet
1120 4083 1221 4147 Derim
1242 4101 1309 4147 ecre

83 4196 110 4254 et
140 4206 210 4254 case
241 4195 522 4253 remuneratorem
546 4186 780 4275 qurcercnlilrus
803 4207 845 4253 ac.
871 4187 927 4253 Sod
953 4205 1025 4252 eum
1051 4187 1186 4272 primum
1214 4195 1309 4274 altino

84 4294 227 4361 inlrmnm
251 4311 319 4360 esse
342 4292 474 4379 gradum
496 4293 577 4360 inter
595 4294 737 4373 virtutes,
755 4293 865 4360 beatus
883 4293 991 4360 Petrus
1008 4293 1169 4378 illaquam
1187 4293 1309 4378 elegan-

85 4401 203 4468 tissima
228 4399 410 4486 gradatione
446 4400 621 4468 luculenter
651 4399 758 4466 docet:
784 4401 823 4466 In
847 4398 950 4466 lroc
938 4419 1059 4484 rpsrrm,
1084 4400 1196 4485 inquit,
1220 4399 1311 4466 ormu'
1339 4415 1456 4513 anaqal

84 4505 233 4576 adiicito
256 4507 367 4574 cturlio
390 4505 642 4574 arriminirlrnlc
666 4507 700 4574 in
723 4507 787 4592 firlc
811 4515 921 4572 vestro
947 4507 1111 4587 uirfflutenr
1129 4508 1165 4573 in
1189 4507 1310 4574 uirtute
1398 4471 1418 4512 ⁹'

1188 4634 1202 4683 a
