3390 5096
381 315 442 380 158
693 331 889 380 oonnurnrro
912 332 1144 380 conuenamsm
1166 331 1282 380 nantel.

461 457 497 521 tt
521 455 571 522 iria
595 455 707 522 lubens
729 473 748 521 a
783 454 871 522 vobis
894 455 1067 522 audierim:
1092 452 1273 522 Huiusmodi
1295 451 1386 538 ilat)
1410 454 1509 540 digna
1535 473 1610 540 poe-

373 561 519 628 nitentiae
541 579 648 646 opera,
671 561 709 628 de
733 561 850 647 quibus
873 579 915 628 ex
949 560 1114 647 Evangelio
1137 578 1221 628 nunc
1244 559 1434 640 audivimus,
1461 569 1609 646 peccato·

372 685 443 734 rum
477 668 690 734 remissionem
724 667 916 751 praecedunt
946 686 985 734 an
1017 666 1283 752 subsequunturt
1306 703 1348 713 —
1373 666 1519 734 Profecto
1553 685 1609 733 vos

371 774 481 840 saltem
517 773 702 859 neutiquam
736 773 841 839 dicere
876 772 1007 858 potestis
1042 789 1078 839 ea
1112 772 1310 857 praecedere,
1345 771 1608 859 quandoquidem

371 877 462 945 iuxta
486 897 541 946 vos
564 876 715 966 qraicquid
739 878 894 945 antecedit
916 877 1060 963 gratiam,
1084 895 1141 963 per
1165 895 1260 963 quam
1284 886 1332 945 est
1355 879 1474 964 peccati
1493 879 1609 946 remis·
1688 906 1689 909 ¹

371 983 427 1062 sio,
451 993 614 1070 peccatum
637 990 694 1063 est,
720 985 764 1050 uti
789 983 952 1052 dicebatur
976 983 1036 1051 sub
1052 983 1194 1050 articulis
1212 983 1270 1049 tt¹
1289 991 1320 1050 et
1337 983 1410 1049 Vl.¹
1436 985 1608 1070 Reliquum

372 1090 468 1175 igitur
491 1096 548 1170 est,
573 1099 608 1158 ut
632 1090 877 1176 subsequantur.
902 1091 1006 1175 Quare
1026 1097 1148 1157 constat
1164 1097 1234 1175 post
1249 1089 1366 1175 peccati
1385 1091 1606 1158 remissionem

371 1196 529 1263 communi
555 1197 681 1283 quidem
707 1197 773 1282 lege
797 1197 962 1262 nonnullas
986 1194 1090 1264 adhuc
1121 1195 1220 1281 ipsius
1252 1213 1417 1281 superesse
1441 1196 1607 1282 reliquias,

372 1321 483 1387 nempe
507 1303 683 1390 rubiginem
707 1302 864 1388 quandam
897 1303 1019 1369 animae
1049 1309 1081 1368 et
1111 1319 1229 1388 poenae
1253 1301 1434 1387 temporalis
1465 1310 1608 1378 reatum,
1688 1322 1689 1415 ι

371 1425 451 1494 quos
473 1407 695 1475 afflictionibus
718 1408 907 1493 quibusdam
931 1408 979 1474 vel
1003 1407 1056 1474 llic
1079 1406 1128 1475 vel
1152 1406 1223 1474 alibi
1249 1407 1370 1492 expiari
1396 1415 1555 1492 oporteat,
1578 1407 1608 1472 id
1688 1426 1689 1484 l

371 1513 455 1600 qnod
480 1513 719 1581 satisfactionem
745 1514 869 1581 scholae
894 1521 1015 1580 vocant.
1047 1513 1193 1580 Ceterum
1222 1513 1289 1580 dies
1321 1531 1370 1580 me
1392 1513 1558 1592 deiiceret,
1583 1513 1608 1580 si
1688 1489 1689 1581 ἶ

371 1620 476 1686 ornnia
500 1620 547 1687 vel
572 1621 717 1704 exempla
741 1619 967 1705 poenitentium
994 1620 1042 1686 vel
1078 1619 1309 1704 scripturarum
1334 1619 1515 1686 testimonia
1541 1637 1610 1705 per·

371 1743 502 1793 currere
526 1726 648 1804 vellem,
672 1726 766 1812 idque
802 1743 1060 1812 unamquamque
1084 1725 1302 1794 satisfactionis
1334 1731 1466 1810 partem,
1491 1741 1609 1811 nempe

371 1832 554 1910 orationem,
590 1832 817 1916 eleemosynam
849 1838 881 1898 et
916 1831 1068 1898 ieiunium
1083 1832 1106 1910 ³,
1138 1830 1255 1916 quihus
1290 1839 1357 1898 tum
1388 1831 1449 1897 alia
1471 1831 1608 1917 quaeris

371 1955 466 2023 opera
491 1937 614 2022 pietatis
637 1936 854 2015 includuntur,
878 1955 960 2023 quae
984 1944 1147 2004 merentur
1170 1944 1203 2005 et
1225 1955 1359 2006 coronae
1385 1937 1523 2022 gradum
1553 1935 1608 2002 ad-
1688 1914 1689 1981 ι

371 2043 491 2122 iicinnt,
515 2049 672 2129 quatenus
695 2062 712 2110 e
737 2043 837 2130 gratia
867 2049 899 2110 ιι
930 2043 1082 2110 charitate
1106 2043 1365 2130 progrediuntur,
1388 2051 1421 2110 at
1444 2051 1607 2129 quatenus

371 2149 478 2215 eadem
504 2149 710 2216 voluntariam
735 2149 850 2217 habant
874 2149 1072 2216 afflictionem
1090 2155 1121 2217 et
1145 2149 1329 2229 molestiam,
1353 2149 1553 2218 satisfaciunt
1576 2155 1607 2216 et

371 2273 488 2340 poenae
511 2255 643 2341 gradum
668 2255 827 2322 abiiciunt.

460 2363 600 2445 Semper,
623 2361 673 2445 pie
698 2361 805 2439 lector,
830 2361 1007 2428 meminisse
1037 2368 1172 2448 oportet,
1196 2362 1239 2428 ita
1271 2361 1507 2429 misericordem
1536 2379 1605 2430 esse

286 2481 349 2527 nan.
372 2467 533 2534 dominum
559 2467 669 2546 ileum,
694 2473 728 2534 nt
763 2467 987 2534 nihilosecius
1015 2467 1054 2535 sit
1077 2468 1128 2534 rel
1150 2485 1274 2535 summe
1298 2469 1418 2548 iustos;
1443 2486 1481 2536 ac
1502 2485 1605 2555 aeque
1688 2541 1689 2549 ,

374 2573 452 2640 ninii
476 2581 585 2640 contra
608 2573 757 2640 iustitiam
782 2573 909 2642 facere⁴
932 2580 1027 2660 atque
1058 2581 1168 2641 contra
1199 2574 1456 2654 misericordiam,
1481 2575 1604 2643 dicente

222 2693 302 2791 ⁹⁸⁸¹?
315 2693 349 2746 ιι
375 2682 529 2766 [ιιοριιιιι
552 2679 655 2766 regio:
686 2680 865 2746 Utrioersae
888 2681 961 2746 viae
994 2681 1123 2748 domiai
1156 2680 1391 2748 misericordia
1413 2690 1443 2747 et
1465 2683 1602 2749 veritas.

203 2746 281 2844 ιιιιιῗ
279 2747 311 2854 ⁰5,
321 2800 355 2846 u.
377 2787 463 2852 Deos
486 2786 573 2852 enim
598 2793 648 2870 (nt
671 2787 752 2854 idem
776 2787 848 2854 alibi
873 2787 961 2864 dioiti
986 2787 1087 2852 taedeo
1102 2797 1147 2854 ιιι
1164 2787 1286 2866 instar,
1301 2784 1409 2873 sartis
1417 2796 1446 2853 et
1460 2788 1602 2872 patiens.
1688 2788 1689 2791 ’

212 2909 292 2954 nuum.
307 2907 353 2962 ιιι,
373 2892 459 2960 Unde
482 2892 573 2958 alio
567 2909 596 2958 m
623 2893 706 2960 loco:
745 2892 1021 2970 litmart'cordt'am,
1053 2893 1166 2978 inquit,
1197 2899 1226 2958 et
1261 2893 1425 2960 indiciam
1459 2891 1604 2960 cantabo

270 2962 291 3006 ¹'
374 2997 443 3077 tibi,
468 2998 607 3064 domina
625 2998 778 3082 Quocirca
796 2997 883 3083 probi
900 2997 1037 3065 doctoris
1052 3005 1110 3077 est,
1126 2999 1181 3085 qui
1199 2999 1290 3066 iuxta
1306 2997 1487 3084 parabolam
1506 2999 1603 3065 Eran-

222 3121 296 3166 uam.
311 3121 345 3174 ιι
374 3105 503 3190 geticum
527 3104 636 3171 similis
659 3110 707 3172 est
731 3102 858 3170 domiai
887 3101 1137 3190 patrifamiliae
1167 3103 1351 3192 proferenti
1381 3101 1604 3173 delitescere
1688 3110 1689 3143 l

267 3173 302 3219 ω’
373 3230 434 3276 sao
458 3229 545 3276 aona
568 3219 597 3276 et
619 3217 740 3289 vetera,
758 3211 802 3276 sic
818 3209 944 3295 quidem
964 3209 1144 3295 praedicare
1159 3210 1291 3296 gratiam
1308 3218 1339 3278 ιι
1355 3211 1603 3278 misericordiam
1688 3235 1689 3240 ¹

376 3409 641 3420 ..—

445 3533 454 3565 ¹
476 3537 561 3599 Supra
581 3534 640 3585 l23.
662 3531 722 3585 424.

444 3619 455 3652 ¹
474 3625 558 3688 Supra
581 3623 641 3674 tat.
662 3623 721 3673 tua.

444 3710 454 3742 ³
476 3711 558 3766 Ειιιιι.
578 3712 597 3762 ll
619 3707 670 3762 fib:
690 3709 838 3762 ltemittitnr
856 3716 943 3762 autem
963 3717 988 3762 et
1007 3708 1162 3774 expiatum...
1182 3710 1202 3762 si
1223 3707 1393 3764 orationibus
1412 3709 1434 3762 si
1447 3707 1567 3776 ιἰιιιιιιιι,
1581 3709 1602 3762 si

373 3800 502 3852 nnaloram
522 3799 557 3852 ob
576 3799 708 3852 Citristum
729 3797 872 3852 tolerationi
892 3795 1085 3852 incumbamus.
1105 3825 1140 3838 ·-
1159 3799 1189 3850 Et
1210 3799 1232 3848 l:
1253 3797 1279 3851 ld
1299 3796 1344 3850 ubi
1358 3797 1395 3863 lit,
1407 3795 1602 3866 rotmsactt'oat's
1688 3855 1689 3872 χ

372 3887 454 3941 nabes
473 3901 539 3954 rem,
559 3888 606 3941 etsi
626 3888 850 3940 nomenclaturam
870 3901 924 3938 non
943 3884 1050 3938 trabeas.
1079 3888 1130 3939 lam
1159 3899 1221 3939 cum
1246 3892 1345 3939 constet
1364 3885 1398 3938 de
1417 3899 1446 3938 re
1465 3887 1532 3951 ipsa,
1553 3890 1602 3940 frn-

372 3983 424 4030 stra
443 3976 477 4029 de
496 3990 561 4029 rore
580 3989 741 4042 pugnamus.
761 3976 860 4028 Verum
879 3975 943 4042 quid
964 3975 1049 4028 valeat
1068 3974 1165 4040 oratio,
1184 3974 1250 4042 qnid
1269 3973 1503 4044 euemospaoram
1522 3975 1602 4042 largi·

373 4065 408 4118 tio
427 4068 476 4118 fiac
495 4066 519 4116 in
538 4079 567 4118 re
585 4067 711 4126 conterat,
731 4064 837 4116 iamiam
857 4064 985 4116 dicemus.
1005 4091 1039 4100 -
1060 4063 1126 4116 Vide
1146 4061 1298 4118 Eacliridii
1324 4065 1410 4128 capita
1430 4063 1473 4115 ιθ.
1493 4063 1537 4116 27.
1558 4067 1601 4117 28.

373 4183 407 4191 -
427 4155 497 4206 Vox:
519 4153 764 4206 «nomenclatura»
785 4153 899 4206 occurrit
917 4153 983 4205 infra
1003 4166 1029 4217 p.
1050 4151 1134 4218 (tta).

443 4241 557 4296 ‘Ennia
576 4243 597 4293 ll
617 4241 646 4293 5:
667 4241 720 4293 Erit
738 4241 818 4306 igitur
837 4242 861 4294 ei
880 4241 1038 4294 exsolvenda
1066 4255 1167 4306 poenae
1188 4241 1303 4307 aliquota
1331 4253 1402 4305 pars,
1429 4241 1472 4293 col
1492 4251 1601 4306 peccata

372 4331 546 4384 remittuntur.
567 4331 647 4398 idque
666 4332 708 4382 ιιι
727 4343 757 4382 ιιι
777 4344 809 4382 eo
827 4335 936 4394 constat,
955 4329 1028 4398 quod
1056 4329 1151 4382 Deus'
1145 4343 1209 4394 lpse,
1238 4330 1287 4382 etsi
1309 4328 1473 4394 misericors,
1497 4335 1537 4382 est
1562 4337 1600 4384 ta·

373 4433 432 4472 mon
451 4423 475 4475 ιι
494 4419 590 4484 iarios,
613 4425 676 4472 teste
697 4419 779 4472 David
800 4419 851 4485 (ils.
873 4419 932 4484 ido,
953 4419 988 4484 ι).
1009 4418 1092 4484 Exigit
1116 4431 1146 4470 ea
1174 4417 1344 4484 incidimur
1370 4418 1470 4471 nullum
1498 4419 1600 4472 malum
1688 4441 1689 4511 ι

372 4509 404 4562 sit
423 4508 598 4574 impunitum:
616 4509 726 4574 panitur
743 4515 831 4560 autem
851 4508 892 4560 vel
910 4507 1070 4574 spontaneis,
1089 4508 1130 4560 vel
1149 4521 1164 4558 a
1184 4507 1262 4561 ileo
1257 4521 1315 4574 ipso
1333 4506 1437 4560 inflictis
1456 4507 1556 4573 poenis.
