3364 5092
365 306 427 373 140
677 326 873 376 connotatio
896 329 1128 378 taruannmsttt
1151 329 1269 379 DthCl.

361 447 506 516 dominos
531 449 639 536 ulique
663 451 927 536 reprehendisset,
950 472 1014 540 quo
1038 455 1105 521 ioco
1129 463 1191 522 tam
1215 455 1331 522 acriter
1351 456 1541 524 Scribarum
1567 464 1601 524 et
1676 459 1677 478 l

209 563 284 664 aar&
299 565 333 621 ¹³.
362 555 600 624 Pharisaeorum
624 557 755 625 crimina
778 559 946 645 obiurgat?
970 563 1005 627 tt
1021 560 1074 628 uhi
1091 561 1240 630 dixisset:
1266 563 1329 630 Vae
1351 562 1444 629 vohis
1458 563 1600 631 scribae

283 650 289 662 ’
361 671 391 729 et
414 661 596 730 Pharisaei
616 661 819 752 hypocritae,
844 666 904 754 qai
925 667 1110 752 aedificatis
1139 665 1319 754 separatura
1344 667 1597 756 prophetarum

360 778 390 836 et
411 771 542 838 ornatis
564 779 778 839 monomenta
802 773 980 853 iustorum,
997 775 1103 842 verbis
1126 793 1200 842 mox
1224 775 1352 843 adiectis
1375 795 1437 844 non
1460 777 1599 844 damnat

360 877 448 958 iliud,
472 877 526 944 sed
549 877 633 964 quod
657 897 718 945 non
744 879 892 948 virtutem
911 883 1149 966 prophetarum,
1173 891 1205 948 at
1222 888 1348 968 patrum
1366 901 1502 950 suorum
1520 884 1597 950 imi-

359 991 504 1052 tarentur
527 984 687 1065 maiitiam,
709 987 765 1072 qui
789 1004 843 1054 eos
865 987 1045 1066 occiderint,
1070 989 1232 1074 cupientes
1251 989 1381 1074 implere
1405 1007 1595 1056 mensuram

358 1099 484 1178 patrum
508 1109 639 1159 snorum
663 1099 694 1159 el
711 1092 888 1161 interlicere
903 1094 1074 1172 Christum,
1090 1095 1144 1180 qni
1161 1095 1261 1162 maior
1283 1103 1362 1174 erat,
1378 1113 1474 1182 quam
1492 1096 1595 1163 thra-

358 1198 431 1264 ham
455 1207 486 1266 ct
508 1217 616 1266 omnes
640 1199 820 1284 prophetae.
843 1201 1111 1286 Quemadmodum
1135 1209 1167 1268 et
1183 1201 1275 1269 hodie
1299 1202 1377 1268 nihii
1400 1212 1457 1268 aut
1474 1221 1594 1288 parum

358 1305 479 1372 confert
501 1311 680 1374 sanctorum
706 1307 976 1393 reliquiarumque
999 1309 1105 1375 collos
1127 1315 1160 1376 et
1183 1309 1352 1388 veneratio,
1377 1309 1435 1375 uisi
1468 1317 1501 1376 et
1526 1310 1593 1375 rir-

359 1419 442 1479 tutes
465 1429 574 1479 eornm
599 1430 658 1498 pro
682 1413 762 1479 virili
786 1421 894 1480 nostra
917 1413 1031 1480 imitari
1056 1412 1248 1482 studeamus.
1273 1415 1426 1500 Quoniam
1444 1416 1470 1482 si
1495 1416 1592 1482 iuxta

358 1527 490 1586 naturae
514 1521 613 1605 legem
637 1519 719 1605 apud
736 1537 844 1587 omnes
859 1529 968 1606 gentes
983 1521 1070 1606 pium
1088 1521 1234 1602 hahetur,
1251 1522 1281 1588 in
1299 1521 1434 1589 hominis
1450 1521 1591 1589 cadaver

358 1626 511 1694 exhihere
536 1627 774 1705 humanitatem,
799 1633 908 1694 contra
932 1615 1007 1694 vero
1031 1627 1161 1713 impium
1186 1645 1337 1695 exercere
1360 1628 1534 1706 saevitiem,
1552 1635 1591 1694 ut

358 1732 442 1819 quod
466 1734 507 1800 sit
528 1733 627 1801 altera
652 1752 724 1819 pars
748 1734 904 1800 hnmanae
928 1733 1138 1812 snbstantiae;
1163 1741 1281 1820 quanto
1305 1735 1402 1820 magis
1426 1735 1511 1820 apud
1530 1752 1593 1802 uos

358 1839 483 1907 loturae
508 1841 749 1907 resurrectionis
771 1847 889 1907 certain
922 1859 1008 1926 spem
1033 1840 1194 1920 habentes
1223 1859 1287 1927 qua
1317 1841 1476 1908 credimus
1507 1841 1591 1918 lore,

358 1953 394 2013 ut
417 1947 680 2032 quemadmodum
705 1965 838 2032 corpora
862 1953 1005 2015 terrenae
1030 1947 1180 2033 passionis
1203 1955 1234 2015 et
1258 1947 1360 2014 meriti
1377 1947 1466 2015 luere
1490 1949 1589 2026 socia,

358 2053 400 2120 ita
423 2053 531 2120 lotura
553 2055 616 2121 sint
638 2053 806 2141 aliquando
829 2055 971 2122 coelestis
986 2055 1104 2141 gloriae
1126 2073 1163 2120 ac
1180 2055 1308 2139 praemii
1333 2055 1491 2121 consortia
1511 2055 1588 2122 hea-

358 2166 462 2227 tornm
487 2161 656 2247 spirituum
681 2161 711 2226 in
735 2161 821 2228 coelo
844 2180 916 2228 num
940 2161 1065 2228 Christo
1089 2162 1299 2247 regnantium,
1321 2178 1392 2228 ossa
1414 2161 1498 2227 omni
1529 2161 1588 2227 ho-

358 2285 434 2333 nore
467 2267 548 2334 affici
573 2287 630 2354 par
652 2276 710 2348 est,
742 2268 925 2352 praesertim
950 2268 1076 2354 quando
1106 2275 1137 2335 et
1162 2268 1244 2335 Deus
1268 2268 1334 2353 ipse
1357 2267 1520 2352 signorum
1554 2274 1587 2334 et

357 2373 583 2440 miraculorum
606 2375 705 2460 gloria
728 2375 780 2440 ilia
804 2374 962 2442 iilustrare
986 2393 1047 2441 non
1071 2374 1267 2460 dedignetur,
1291 2381 1323 2442 et
1350 2393 1408 2440 nos
1431 2375 1584 2442 maiores-

356 2499 418 2566 que
443 2478 535 2564 (106)
560 2481 656 2548 nostri
682 2489 728 2549 tot
743 2481 814 2548 inde
837 2482 988 2548 heneficia
1012 2482 1149 2549 hnmano
1172 2481 1278 2566 generi
1295 2481 1406 2548 collata
1429 2488 1516 2548 certo
1540 2481 1587 2548 di·

355 2588 526 2655 dicerimus
550 2607 586 2656 ae
609 2589 779 2656 etiamnum
804 2589 942 2675 quotidie
963 2588 1097 2655 conlerri
1122 2588 1335 2674 experiamur.
1360 2588 1466 2656 Nonne
1490 2588 1585 2654 iuxta

197 2697 217 2742 ⁸·
232 2697 285 2797 Ἣ
299 2699 332 2754 ¹³·
358 2695 475 2780 Regum
500 2695 661 2761 historiam
687 2695 838 2762 cadavere
855 2695 990 2762 hominis
1015 2695 1045 2760 in
1062 2695 1267 2780 sepolchrum
1285 2693 1412 2762 Helisaei
1432 2693 1584 2780 proiecto,

356 2802 447 2868 cuins
470 2803 572 2868 anima
604 2801 742 2868 nondum
766 2811 834 2868 erat
856 2801 1038 2887 glorificata,
1062 2809 1206 2869 contactu
1231 2800 1349 2868 ossium
1374 2801 1503 2868 Helisaei
1528 2821 1581 2868 re-

188 2911 236 2957 na.
250 2911 283 2966 ¹⁹·
299 2912 332 2957 ¹¹·
355 2909 440 2975 vicit
462 2907 556 2975 homo
580 2918 608 2976 et
630 2909 714 2976 stetit
737 2928 845 2995 supro
867 2909 962 2994 pectes
984 2908 1088 2974 sitos?
1112 2909 1219 2975 Nonne
1243 2907 1333 2974 iuxta
1358 2909 1505 2975 lictorum
1532 2909 1582 2974 hi-

355 3015 483 3083 storiam
509 3015 590 3083 inter
613 3016 689 3083 alias
721 3016 853 3082 virtutes
885 3033 946 3082 non
979 3016 1135 3100 vulgares,
1159 3033 1239 3101 quas
1269 3014 1353 3082 Deus
1381 3032 1437 3100 per
1469 3031 1584 3081 manns

356 3122 439 3189 Pauli
466 3123 629 3188 mortalem
653 3123 757 3188 adhuc
781 3122 875 3188 vitam
901 3121 1020 3207 agentis
1051 3121 1172 3200 edehat,
1195 3121 1288 3188 etiam
1311 3121 1459 3188 sudaria
1481 3129 1511 3187 et
1533 3140 1583 3187 se

355 3229 525 3295 neieincta'a
548 3229 769 3296 deserebantur
793 3247 816 3294 a
839 3247 977 3314 corpore
1000 3228 1071 3293 aias
1094 3247 1196 3313 stipor
1219 3227 1384 3313 infirmor,
1405 3237 1434 3294 et
1456 3229 1583 3294 recede-

355 3334 435 3402 haal
457 3333 499 3402 ab
522 3336 569 3400 eis
592 3335 710 3414 raorhi,
734 3345 764 3402 et
792 3335 935 3421 spiritns
966 3335 1050 3400 mati
1072 3333 1351 3420 egrediebantur?
1382 3335 1463 3420 Quid
1494 3335 1581 3421 quod

200 3444 248 3489 *⁰¹-
263 3443 284 3499 ὅ·
299 3443 331 3489 ¹⁶·
355 3444 404 3526 (ut
428 3442 534 3510 eodem
561 3443 591 3509 in
617 3443 696 3509 iihro
721 3442 847 3527 iegitur)
874 3443 921 3508 rei
945 3442 1010 3508 sola
1029 3442 1186 3508 venientis
1205 3442 1297 3508 Petri
1320 3441 1442 3508 ramora
1462 3441 1582 3527 aegroti

356 3549 570 3617 sanabantur?
593 3549 700 3634 Neque
724 3567 799 3616 uero
822 3549 991 3634 quicquam
1023 3557 1080 3628 est,
1105 3549 1129 3616 si
1154 3549 1226 3635 quis
1257 3549 1340 3616 dicat
1363 3549 1480 3616 vixisse
1513 3557 1581 3615 tum

356 3656 459 3724 adhuc
484 3657 608 3723 Petrum
640 3661 672 3722 et
704 3656 850 3734 Panlom3
883 3655 945 3721 imo
978 3674 1062 3722 nnnc
1092 3655 1220 3722 demum
1252 3673 1325 3723 vere
1357 3654 1476 3723 vivont.
1501 3655 1581 3722 llaec

355 3763 437 3829 enirn
461 3781 542 3848 quae
564 3762 680 3829 dicitur
703 3762 777 3840 rita,
800 3780 861 3828 non
886 3771 948 3828 tam
967 3762 1028 3828 vita
1044 3769 1102 3840 est,
1122 3780 1216 3847 quam
1236 3781 1320 3829 mors
1343 3763 1496 3848 quaedam
1513 3780 1582 3847 per·

356 3876 467 3955 petua3
493 3869 575 3936 unde
598 3869 690 3936 iuxta
711 3869 834 3936 divinae
863 3869 1039 3954 scripturae
1064 3871 1203 3955 phrasim
1235 3870 1333 3936 sancti
1366 3889 1427 3936 non
1452 3871 1581 3949 inortni,

355 3985 387 4042 at
409 3976 547 4044 dormire
571 3975 754 4062 frequenter
770 3976 931 4055 dicontur,
956 3975 1050 4061 idque
1066 3976 1215 4042 nimirum
1240 3994 1302 4043 non
1326 3984 1389 4043 tam
1406 3976 1581 4044 secundnm

356 4084 486 4170 spiritus
509 4083 684 4150 felicissime
715 4101 787 4150 cnm
813 4083 876 4150 Deo
908 4083 1058 4162 viventes,
1082 4101 1177 4168 quarn
1206 4083 1378 4151 secundnm
1407 4102 1542 4169 corpora
1558 4087 1580 4149 ¹.

356 4247 620 4260 ——1—-—-

427 4353 437 4384 ¹
457 4353 507 4408 En.
528 4355 586 4416 (lar.
605 4355 637 4406 V.
656 4359 716 4418 post
734 4355 761 4406 ΙΙ.
776 4353 851 4406 Dom.
879 4352 977 4419 Quadr.
996 4353 1047 4405 Fot.
1068 4350 1195 4418 lidi-ht)
1218 4352 1393 4418 copiosiorem
1413 4353 1475 4407 daut
1494 4355 1583 4408 decla·

355 4443 497 4496 rationem:
517 4443 566 4509 Qui
586 4441 720 4495 dormiunt
739 4449 766 4494 ut
786 4441 914 4504 homines,
934 4440 958 4492 in
979 4453 1090 4506 corpore
1110 4442 1210 4494 mortali
1230 4441 1257 4494 ld
1271 4441 1412 4494 lectitant...
1425 4443 1499 4510 Quae
1517 4457 1581 4497 vero

356 4529 382 4584 in
399 4529 501 4585 Christo
520 4531 661 4595 dormiunt,
680 4544 749 4599 quae
768 4531 794 4582 in
819 4531 904 4583 sinum
931 4528 1051 4583 abrahoe
1077 4529 1229 4595 deportatae
1254 4537 1315 4584 sont
1333 4531 1444 4598 animae,
1470 4530 1506 4584 oh
1532 4533 1582 4585 hoc
