3390 5096
526 360 654 408 rannus
677 358 882 410 coussessus.
1254 342 1316 411 163

78 482 268 560 discubuit,
292 492 324 578 et
347 483 516 550 duodecim
543 482 692 568 Apostoli
713 501 790 550 auor
806 502 851 550 eo.
876 485 912 549 tt
928 483 959 550 hi
977 491 1045 550 tum
1062 501 1171 551 recens
1193 483 1316 552 aChri·

78 599 129 655 sto
155 589 339 657 sacerdotes
363 589 471 656 eadem
494 605 590 674 opera
613 591 707 656 creati
739 589 880 668 fuerunt,
912 589 1175 675 quemadmodum
1210 600 1318 675 postea

77 697 230 763 dicemus
253 697 315 764 suh
337 697 471 764 articulo
493 696 730 763 decimotertio¹
755 696 794 763 de
824 696 1007 764 sacerdotio.
1031 697 1100 780 Quo
1131 695 1176 775 bt,
1207 704 1244 762 ut
1273 713 1315 764 err

78 803 141 868 hoc
169 803 288 871 Christi
317 810 384 870 tum
408 803 554 888 exemplo
584 809 652 868 tum
686 802 830 869 instituto
853 799 945 886 (129)
968 821 1029 868 non
1055 802 1134 882 laici,
1158 810 1190 869 at
1212 801 1317 888 potius

79 909 268 976 sacerdotes
292 909 353 976 hoc
375 916 605 976 sacramentum
629 909 661 974 in
685 915 822 994 utraque
837 908 939 994 specie
955 908 1044 994 panis
1059 916 1091 976 et
1107 909 1169 976 vini
1191 925 1317 976 sumere

77 1014 233 1094 debeant,
257 1015 289 1082 id
312 1015 396 1101 quod
419 1015 459 1082 ab
482 1014 634 1082 Ecclesiae
658 1015 746 1080 initio
761 1014 799 1080 ad
817 1015 893 1082 haec
909 1032 1011 1100 usquo
1034 1021 1176 1100 tempora
1191 1015 1222 1080 in
1243 1014 1317 1082 mis·

79 1139 134 1188 sae
160 1121 320 1188 sacrificio
344 1121 461 1207 ubique
484 1138 520 1188 ac
543 1137 667 1206 semper
697 1121 898 1188 observatum
928 1127 984 1188 est.
1009 1121 1140 1188 Proinde
1168 1139 1239 1187 cum
1265 1138 1317 1188 ve·

79 1227 160 1293 stris
200 1227 375 1294 maioribus
409 1226 575 1294 haereticis
604 1226 674 1293 aliis
697 1227 897 1312 Evangelinm
935 1227 1026 1312 lippis
1060 1227 1111 1294 hic
1144 1226 1244 1293 oculis
1268 1231 1318 1310 (ut

80 1337 229 1419 semper)
253 1333 357 1400 intuiti
383 1333 469 1412 estis,
486 1342 661 1418 prementes
676 1333 907 1400 distributivam
925 1333 1005 1399 hanc
1021 1333 1163 1399 voculam
1182 1332 1317 1415 (omnes)

81 1440 232 1524 perinde,
257 1441 343 1506 acsi
369 1439 406 1506 ad
431 1457 539 1507 omnes
562 1439 755 1506 Christianos
789 1438 900 1506 referri
931 1438 1053 1516 debeat,
1077 1447 1108 1506 et
1131 1457 1192 1505 non
1216 1438 1317 1505 consi-

80 1543 247 1624 derantes,
265 1563 333 1612 eam
351 1545 389 1612 ad
413 1545 560 1612 convivas
583 1553 649 1612 tum
668 1552 846 1630 praesentes
862 1544 1078 1612 tantummodo
1094 1544 1216 1624 referri,
1237 1561 1317 1630 qnos

83 1652 306 1738 Evangelistae
331 1651 494 1720 duodecim
519 1653 678 1738 Apostolos
699 1651 796 1718 fuisse
819 1650 1015 1718 concorditer
1038 1658 1222 1718 memorant.

185 1785 201 1816 ι
219 1763 255 1824 bt
283 1757 495 1844 Evangelistae
518 1758 574 1844 ipsi
600 1757 737 1842 (dicitis),
760 1774 841 1842 qnos
876 1763 1029 1842 putarunt
1058 1773 1178 1834 omnes,
1202 1756 1316 1825 Christi

81 1863 261 1950 discipulos
286 1864 545 1948 interpretantur.
569 1865 729 1950 Quotquot
752 1881 827 1949 ergo
851 1881 883 1930 se
907 1862 1021 1930 Christi
1038 1862 1208 1948 discipulos
1222 1883 1317 1950 agno

83 1978 196 2048 scunt,
223 1977 285 2037 hm
310 1971 390 2049 laici,
413 1989 508 2056 quarn
534 1971 720 2050 sacerdotes,
744 1971 775 2037 in
800 1979 936 2056 utraque
952 1970 1054 2055 specie
1071 1969 1162 2036 iuxta
1176 1970 1317 2056 magistri

84 2076 276 2161 exemplum
300 2083 331 2143 et
355 2076 532 2144 institutum
559 2077 617 2144 hoc
640 2083 836 2144 sacramento
867 2076 912 2142 uti
943 2075 1058 2143 dehent
1075 2103 1104 2141 t.
1130 2075 1189 2143 Sed
1212 2084 1243 2144 et
1266 2076 1317 2144 hic

86 2183 156 2266 pari
186 2177 377 2268 lippitudine
394 2184 558 2250 oculorum
584 2183 741 2262 laboratis,
765 2203 826 2249 non
851 2181 1076 2268 prospieientes
1098 2182 1137 2249 de
1160 2183 1234 2249 solis
1257 2181 1317 2248 illis

84 2289 256 2356 duodecim
289 2289 452 2374 discipulis
485 2290 552 2376 (qui
578 2290 777 2375 peculiariter
813 2289 947 2374 hpostoli
971 2287 1134 2370 dicuntur)
1159 2287 1317 2374 Evangeli-

86 2405 154 2463 stas
180 2414 255 2462 mox
281 2395 375 2482 paulo
397 2404 469 2463 ante
494 2396 566 2464 inihi
593 2397 713 2463 locutos
735 2395 841 2474 luisse,
859 2396 904 2462 uti
929 2395 1022 2460 modo
1038 2393 1143 2461 verbis
1159 2393 1318 2480 Evangeli-

85 2511 212 2569 starum
238 2503 374 2570 indoctis
396 2511 557 2571 ostensum
579 2511 636 2570 est.
661 2501 778 2568 Omnes
793 2502 875 2568 enim
901 2500 1034 2586 Apostoli
1057 2500 1172 2567 Christi
1188 2499 1319 2568 luerunt

84 2607 234 2676 eiusdem
260 2627 388 2695 quoque
410 2609 566 2695 discipuli,
589 2617 620 2674 at
643 2627 705 2675 non
724 2608 877 2685 vicissim;
895 2607 977 2674 unde
994 2607 1139 2685 latemur,
1156 2607 1211 2692 qni
1227 2605 1318 2673 Chri-

86 2716 126 2781 sti
152 2733 217 2782 non
241 2723 316 2782 sunt
341 2733 471 2801 quoquo
493 2715 585 2782 modo
607 2715 762 2801 discipuli,
786 2715 831 2782 eis
853 2719 997 2780 neutram
1035 2713 1221 2780 sacramenti
1244 2731 1317 2798 par-

87 2830 154 2888 tem
180 2820 298 2888 deberi.
324 2857 365 2871 -
389 2821 506 2888 Deinde
530 2823 588 2888 hoc
611 2838 738 2907 quoque
765 2820 947 2899 notandum,
971 2820 1055 2905 quod
1080 2819 1225 2886 Christus
1249 2827 1316 2886 tum

89 2929 196 3012 primo
222 2928 433 2995 venerandum
458 2927 670 2994 Eucharistiae
701 2935 931 2993 sacramentnm
964 2926 1108 3006 institnit,
1134 2944 1236 3011 neque
1259 2945 1318 3012 pro

89 3035 190 3113 laicis,
214 3051 316 3118 neque
340 3052 398 3119 pro
420 3033 634 3100 sacerdotibus
659 3040 791 3112 tantum,
815 3032 869 3099 sed
893 3032 923 3098 in
942 3032 1038 3099 totins
1054 3032 1207 3100 Ecclesiae
1223 3051 1316 3100 usum

89 3159 149 3226 pro
173 3141 337 3226 utrisque;
362 3140 479 3208 idcirco
501 3141 561 3207 sub
584 3145 720 3225 utraque
735 3141 783 3206 sui
808 3147 897 3224 parte
914 3147 981 3206 tnm
999 3138 1159 3206 celebrare
1176 3139 1318 3224 perluit.

88 3249 295 3334 Quapropter
318 3245 363 3312 uti
387 3245 503 3312 Christi
536 3252 603 3312 tum
639 3246 784 3330 exemplo
818 3252 886 3312 tum
912 3245 1055 3311 instituto
1080 3245 1317 3331 respondeatur,

89 3355 168 3420 satis
191 3360 250 3432 est,
273 3351 314 3419 ah
336 3351 495 3438 aliquibus
517 3352 547 3418 in
585 3351 717 3418 Ecclesia
752 3358 981 3419 sacramentum
1008 3352 1067 3418 hoo
1098 3351 1159 3418 suh
1183 3360 1318 3438 utraque

88 3462 138 3527 sui
166 3467 255 3545 parte
279 3459 442 3538 celebrari,
466 3459 496 3526 id
520 3459 603 3544 quod
628 3460 658 3526 in
683 3459 795 3526 missae
818 3459 971 3526 sacrificio
988 3459 1161 3543 presbyteri
1179 3459 1318 3544 quotidie

90 3568 221 3634 iaciunt.
246 3603 290 3614 --
314 3565 471 3632 Postremo
493 3574 524 3633 et
547 3565 858 3632 animadvertendum
883 3565 970 3644 illud,
995 3564 1078 3650 quod
1102 3565 1140 3631 ad
1170 3583 1235 3631 rem
1260 3565 1317 3631 im·

90 3673 203 3760 primis
229 3673 387 3758 pertinere
409 3673 558 3751 arbitror,
581 3681 675 3739 etex
700 3673 792 3739 cuius
815 3673 990 3757 ignorantia
1006 3672 1053 3738 rel
1079 3671 1187 3738 saltem
1212 3672 1318 3738 incon-

90 3779 281 3846 sideratione
304 3795 445 3846 errorem
469 3780 564 3846 istum
589 3797 789 3864 promanasse
812 3778 1010 3857 crediderim,
1034 3777 1118 3863 quod
1140 3778 1173 3843 in
1199 3777 1317 3844 Eucha-

92 3886 182 3952 ristia
206 3904 266 3952 non
299 3885 471 3952 attenditur
505 3885 628 3951 diversa
663 3884 847 3951 sacramenti
883 3893 914 3950 et
949 3883 1092 3951 sacribcii
1129 3883 1218 3950 ratio.
1241 3884 1316 3950 h'am

91 4001 250 4078 qnatenus
273 3999 320 4058 est
344 3984 542 4075 sacrificium,
568 3997 761 4076 representat
781 3999 812 4057 et
827 3987 918 4076 (130)
942 3991 1080 4058 eontinet
1095 3990 1266 4068 Christum,
1282 3997 1318 4057 ut

93 4097 227 4164 hostiam
264 4099 294 4164 in
331 4116 387 4164 ara
410 4098 514 4165 crucis
536 4098 683 4176 oblatam,
707 4098 736 4163 in
762 4116 825 4183 qua
849 4097 1004 4182 separatio
1027 4097 1170 4181 corporis
1193 4102 1225 4162 et
1247 4113 1318 4162 san·

92 4205 197 4290 quinis
221 4205 301 4272 lacta
323 4204 392 4272 luit.
416 4203 625 4290 Quamobrem
649 4212 680 4270 et
703 4204 762 4270 hoc
787 4212 876 4289 pacto
896 4211 1044 4288 spectata,
1060 4211 1091 4268 et
1106 4202 1181 4268 olim
1198 4208 1245 4268 est
1261 4219 1317 4286 per

94 4329 205 4396 panem
230 4319 262 4378 et
287 4311 393 4378 vinum
418 4329 437 4378 a
459 4310 683 4378 Melchisedech
708 4311 904 4388 adumbrata,
928 4318 958 4376 et
993 4327 1012 4374 a
1034 4308 1159 4374 Christo
1182 4307 1212 4372 in
1239 4324 1318 4392 pane

165 4541 174 4572 ¹
195 4545 261 4596 rnna
282 4543 333 4596 trs
351 4557 392 4612 sq.
433 4507 437 4518 ’
