3390 5096
506 356 634 404 rannus
657 355 864 405 cononussus.
1233 339 1294 403 177

75 481 146 547 Nam
171 480 437 568 quemadmodum
462 481 606 566 apostolo
623 486 700 548 teste
716 479 880 547 translato
896 480 1080 546 sacedotio
1095 499 1220 546 necesse
1239 487 1296 559 est,
1315 491 1380 538 nor.
1396 492 1416 546 ι.
1431 493 1464 538 ιι

76 595 109 652 ιιι
132 587 214 674 lepis
235 587 413 656 translatio
436 584 525 672 (145)
547 585 619 672 fiat,
637 587 680 654 ita
699 585 833 653 vicissim
858 586 925 672 lege
949 585 1097 653 translata
1112 592 1245 671 oportet,
1262 594 1298 652 ut

75 693 235 762 sacerdotii
260 711 388 780 quoque
412 693 467 762 hat
489 693 661 760 translatio.
685 694 764 761 llaec
787 693 882 772 enim,
906 693 951 759 uti
976 692 1067 759 modo
1098 691 1215 761 dictum
1239 700 1297 772 est,

74 800 208 867 naturali
232 800 367 886 quodam
392 800 561 886 cousequio
583 817 652 867 sese
667 798 866 866 comitamur.
884 800 944 866 lloc
965 805 1069 866 autem
1090 798 1296 866 sacerdotium

76 913 158 973 tanto
181 908 288 974 minus
311 905 343 974 iu
366 925 475 974 omnes
497 907 696 992 promiscuae
718 924 754 973 ac
779 906 926 991 profanae
942 905 1151 972 multitudinis
1174 922 1297 990 compe

76 1022 138 1080 tere
169 1015 281 1100 liquet,
317 1021 436 1100 quanto
469 1015 571 1100 ipsum
608 1013 816 1081 sacerdotium
842 1011 1091 1098 Evangelicum*
1120 1019 1151 1078 et
1174 1011 1299 1078 innatae

75 1127 104 1186 et
125 1121 262 1208 scriptae
286 1121 363 1206 legis
385 1120 747 1206 sacerdotio'augustius
763 1115 795 1152 **
818 1137 886 1186 esse
914 1118 1143 1204 sublimiusque
1167 1123 1297 1196 constat,

76 1226 186 1306 idest,
217 1235 337 1314 quanto
368 1229 425 1295 lux
457 1227 582 1308 umbra,
610 1227 727 1294 veritas
749 1227 863 1312 ligura,
888 1226 1087 1312 Evangelium
1111 1226 1189 1312 lege,
1211 1224 1299 1292 deni·
1356 1259 1359 1266 .

75 1352 134 1419 que
156 1333 305 1402 Christus
326 1335 409 1402 hlose
432 1335 555 1421 dignior
579 1342 626 1402 est
649 1351 685 1400 ac
701 1333 898 1401 eminentior.

161 1442 259 1509 Porro
281 1441 360 1509 illud
383 1448 442 1521 est,
465 1441 550 1527 quod
574 1447 610 1508 ut
631 1440 716 1520 alibi,
741 1441 783 1508 ita
807 1448 837 1508 et
861 1441 913 1508 hic
936 1441 1024 1508 vohis
1047 1439 1189 1526 imponit,
1217 1438 1298 1506 occi·

75 1547 157 1614 denti
174 1547 223 1582 m
247 1547 366 1616 scilicet
388 1549 496 1616 literae
525 1567 582 1634 pro
605 1546 782 1615 vivificante
813 1547 926 1633 spiritu
957 1547 1076 1634 ubique
1103 1545 1298 1613 adhaerenti-

76 1653 144 1734 hus,
167 1655 253 1742 quod
277 1673 433 1741 nusquam
457 1655 489 1721 in
513 1660 578 1722 toto
600 1655 813 1722 instrumento
835 1672 916 1721 novo
947 1655 1044 1721 huius
1074 1653 1197 1721 externi
1226 1651 1299 1719 visi·

77 1759 208 1848 hilisque
232 1761 397 1829 sacerdotii
421 1761 620 1848 novaelegis
655 1761 855 1847 Evangelicae
878 1761 938 1827 suh
962 1762 1020 1828 hac
1051 1760 1299 1838 nomenclatura,

78 1885 187 1954 nempe
210 1867 386 1948 sacerdotii,
410 1867 526 1936 mentio
549 1867 613 1935 liat.
637 1868 754 1936 Verum
779 1885 840 1934 non
864 1867 1121 1946 animadvertitis,
1144 1865 1174 1932 id
1199 1865 1299 1932 haud·

78 1991 233 2060 quaquam
258 1981 376 2044 temere
398 1974 527 2049 lactum,
550 1982 582 2041 at
605 1975 755 2060 singulari
773 1974 904 2060 spiritus
926 1974 1024 2041 sancti
1047 1973 1185 2041 consilio.
1209 1972 1298 2039 Chri·

79 2087 143 2148 stus
163 2082 259 2162 enim,
276 2081 330 2167 qui
355 2100 416 2148 non
441 2082 526 2149 venit
540 2079 664 2148 solome
679 2080 778 2168 legem
801 2089 837 2148 ot
862 2081 1005 2167 implere,
1021 2080 1122 2148 iactus
1144 2079 1205 2145 soh
1222 2079 1297 2166 lege,
1317 2090 1393 2189 ffl-
1402 2089 1466 2186 ⁵313·

79 2195 114 2252 nt
135 2207 189 2255 eos
212 2189 273 2276 qai
293 2187 355 2254 suh
379 2187 444 2274 lege
474 2196 571 2254 erunt
593 2187 778 2267 redimeret,
803 2206 864 2254 non
897 2187 1032 2254 instituit
1054 2204 1171 2253 novum
1195 2203 1298 2254 sacer-
1360 2175 1366 2189 ⁸
1395 2176 1401 2198 ’
1429 2174 1436 2188 ’
1460 2173 1466 2186 ’

78 2291 195 2362 dotium
230 2303 313 2374 ante,
346 2313 441 2381 quam
465 2312 507 2362 ex
531 2296 591 2362 hoc
613 2294 731 2361 mundo
765 2293 960 2380 migraturus
983 2301 1065 2361 esset
1095 2293 1134 2360 ad
1166 2301 1298 2379 patrem,

79 2417 188 2488 nempe
211 2402 241 2468 in
266 2409 411 2469 extrema
444 2419 549 2468 coena.
573 2401 771 2486 Quapropter
795 2401 891 2468 reteri
929 2401 995 2486 lege
1026 2419 1098 2467 cum
1127 2399 1299 2467 sacerdotio

78 2523 134 2574 suo
157 2507 194 2575 ad
219 2507 392 2594 passionem
417 2525 518 2594 usque
533 2507 648 2575 Christi
671 2507 775 2576 adhuc
792 2508 855 2573 vim
880 2525 969 2574 suam
987 2513 1120 2586 tenente,
1142 2524 1298 2592 nusquam

79 2613 221 2683 Christus
243 2615 368 2682 externi
391 2633 429 2682 ac
452 2614 582 2682 visibilis
605 2613 780 2694 sacerdotii,
804 2613 865 2681 suh
888 2614 947 2680 hoc
970 2614 1096 2700 quidem
1118 2613 1299 2693 nominato

79 2721 139 2788 sita
158 2721 334 2789 meminisse
351 2721 474 2807 legitur.
501 2721 569 2789 Post
592 2721 707 2788 Christi
732 2739 807 2788 vero
822 2721 1044 2800 ascensionem,
1067 2720 1121 2787 uhi
1146 2719 1206 2786 iam
1223 2722 1301 2805 lpo-
1361 2783 1364 2794 ,

80 2829 145 2895 stoli
173 2827 373 2914 Evangelium
396 2827 464 2894 orhi
490 2827 669 2914 praedicare
685 2833 868 2913 coeperunt,
892 2827 1010 2913 ubique
1032 2835 1099 2894 tum
1123 2828 1153 2893 io
1178 2825 1301 2912 templis

80 2933 217 3018 quotidie
247 2935 496 3014 sacrificabatur,
527 2953 546 3001 a
577 2933 696 3002 ludaeis
727 2933 853 3021 quidem
885 2932 939 3000 uni
969 2933 1033 3001 Deo
1065 2951 1139 3001 vero
1167 2931 1300 3000 creatori

80 3041 228 3120 omnium,
252 3059 272 3107 a
294 3039 441 3127 gentibus
457 3059 532 3108 vero
548 3039 680 3108 dirersis
704 3041 793 3108 idolis
809 3040 971 3107 hominnm
988 3059 1083 3107 manu
1100 3040 1197 3107 iactis.
1219 3040 1301 3106 Utri·

81 3165 139 3232 que
155 3145 222 3180 *⁴¹⁸¹*
242 3156 348 3215 auem
372 3165 534 3216 sacrorum
559 3166 690 3215 suorum
716 3147 874 3215 ministros
896 3147 1094 3233 appellabant
1116 3146 1300 3214 sacerdotes.

81 3251 147 3321 ldeo
162 3255 297 3342 Apostoli
321 3273 448 3341 quoque
468 3273 487 3321 a
509 3255 679 3323 sacerdotis
702 3254 827 3322 nomine
850 3254 1075 3340 temperabant,
1092 3253 1240 3320 nimirum
1263 3271 1301 3320 ne

82 3361 241 3429 sacerdotii
266 3361 365 3428 nostri
389 3379 461 3428 cum
484 3361 658 3429 sacerdotio
680 3360 813 3428 aliorum
838 3360 929 3428 lieret
950 3359 1101 3439 conlusio,
1129 3376 1207 3426 neve
1230 3357 1302 3444 quis

81 3467 230 3546 crederet,
254 3466 463 3534 sacerdotium
495 3473 639 3534 nostrum
670 3466 808 3534 eiusdem
838 3483 906 3534 esse
930 3467 1059 3532 rationis
1082 3482 1154 3532 cum
1179 3462 1302 3531 ludaico

81 3583 132 3640 aut
163 3573 271 3660 gentili
303 3573 486 3640 sacerdotio.
518 3573 554 3640 lt
584 3571 849 3658 quemadmodum
872 3590 952 3640 nova
987 3573 1039 3638 lex
1071 3569 1163 3655 (146)
1186 3570 1300 3636 Christi

82 3697 159 3746 noro
181 3679 308 3746 nomine
339 3687 448 3746 vocata
469 3687 517 3748 est
541 3679 753 3765 Evangelium,
777 3679 820 3746 ita
836 3697 974 3764 quoque
1005 3677 1180 3745 sacerdotes
1205 3676 1302 3742 Evan-

82 3787 167 3870 gelici
193 3787 283 3854 novis
307 3785 431 3853 iuterim
456 3785 635 3854 nominihus
658 3785 881 3872 complusculis
908 3787 938 3852 in
964 3786 1034 3852 novi
1067 3783 1241 3852 testamenti
1267 3783 1300 3848 li·

82 3891 143 3960 hris
165 3892 401 3979 appellitantur,
433 3909 546 3978 nempe
576 3893 721 3978 apostoli,
753 3892 908 3977 discipuli,
934 3891 1084 3977 Episcopi,
1117 3889 1302 3976 presbyteri,

82 3999 258 4086 praepositi,
283 3999 452 4085 praesides,
476 4006 626 4085 pastores,
649 3999 890 4086 dispensatores,
921 3999 1074 4078 doctores,
1102 3997 1247 4078 ministri,
1272 4005 1303 4064 et

81 4107 103 4172 si
126 4125 210 4193 quae
232 4114 308 4174 sunt
330 4105 390 4173 alia
413 4105 443 4172 id
467 4124 567 4192 genus
594 4106 786 4173 tantumdem
811 4105 954 4172 valentia.
987 4105 1038 4171 llis
1061 4105 1142 4171 enim
1167 4104 1302 4189 appella·

83 4213 218 4282 tionibus
242 4213 354 4300 passim
381 4213 481 4281 utitur
505 4231 622 4280 novum
639 4219 871 4292 testamentum,
896 4212 1019 4298 quoties
1035 4213 1074 4279 de
1098 4211 1135 4278 iis
1152 4211 1302 4297 loquitur,

82 4321 132 4407 qui
158 4339 200 4388 ex
227 4319 342 4406 populo
365 4320 452 4388 electi
478 4338 536 4405 pro
560 4320 676 4405 populo
698 4320 935 4386 constituuntur
953 4319 983 4384 in
1000 4319 1048 4398 iis,
1065 4337 1145 4404 quae
1169 4316 1303 4384 suntad

140 4482 152 4503 ⁰
172 4480 384 4540 «Evangelicmn»
403 4483 428 4528 et
447 4497 459 4524 ι
472 4479 624 4528 sacerdotio»
644 4479 738 4527 desunt.
880 4479 904 4500 '⁰
920 4478 1054 4538 augustine.

142 4561 178 4582 ”⁰
196 4559 321 4609 accidenti.
877 4559 926 4580 ””
944 4559 1055 4617 Uterque.

1165 4659 1197 4710 tt
