3364 5092
397 339 458 403 108
709 357 905 408 collucente
928 358 1160 407 cuthenhrtlsut
1181 359 1298 408 othct.

391 481 460 565 quit
483 481 657 566 Apostolus,
681 500 793 568 nempe
816 483 947 550 coelitus
971 483 1133 549 hominum
1152 483 1309 551 mentibus
1331 483 1434 562 insita,
1460 483 1517 550 nisi
1535 483 1616 551 torte

390 586 562 672 baptizatos
586 587 727 666 inientes,
752 589 806 674 qui
833 589 964 656 verbum
989 589 1043 655 Dei
1080 607 1240 676 nunquam
1264 589 1465 669 audiverunt,
1487 597 1520 656 et
1549 607 1615 656 mo-

389 693 504 772 riones,
528 694 581 780 qui
606 695 776 766 audierunt
791 694 929 782 quidem,
954 713 1115 782 nunquam
1134 703 1237 762 hmeu
1262 696 1499 777 intellexerunt,
1515 705 1547 763 ct
1561 696 1615 762 de-

389 799 485 884 nique
509 798 706 886 lethargicos,
730 801 784 886 qui
810 809 876 867 tum
901 801 1091 868 audiverunt
1115 808 1182 868 tum
1207 802 1444 878 intellexerunt,
1472 811 1504 868 at
1525 804 1613 887 grari

389 905 543 991 lethargia
564 907 651 972 obliti
677 915 752 974 suot
773 908 926 986 omnium,
957 916 988 974 et
1020 906 1123 993 siqui
1156 915 1231 974 sunt
1259 907 1310 974 alii
1343 909 1402 974 huc
1433 925 1543 994 genus,
1575 907 1614 974 ad

388 1029 487 1078 unum
512 1029 531 1078 a
555 1012 641 1097 regui
666 1013 808 1080 coelestis
828 1013 986 1080 consortio
1010 1019 1158 1099 tanquam
1182 1013 1322 1080 infideles
1344 1012 1516 1081 excludere
1539 1015 1615 1080 veli-

218 1129 368 1186 onumu.
387 1133 470 1196 mus,
494 1117 615 1184 tametsi
640 1135 708 1185 eam
726 1118 830 1198 fidem,
846 1137 927 1205 quae
944 1119 1034 1186 iuxta
1051 1118 1135 1185 Pauli
1153 1119 1338 1186 sententiam
1362 1139 1402 1185 ec
1422 1120 1545 1186 auditu
1568 1129 1615 1186 eat

388 1241 444 1310 per
461 1215 593 1292 verbum
611 1225 664 1291 Dei
682 1233 714 1291 et
728 1222 917 1313 acquisitam
934 1223 944 1260 ¹
967 1225 1092 1292 scholae
1108 1225 1278 1304 nominant,
1292 1243 1353 1313 ,suo
1368 1226 1505 1312 quodam
1523 1227 1616 1293 modo

388 1329 440 1397 Dei
466 1348 534 1397 esse
549 1330 679 1411 doniam,
695 1339 726 1398 et
741 1329 856 1398 adultis
872 1349 1009 1416 sanaque
1026 1337 1129 1398 mente
1146 1331 1326 1398 hominihus
1342 1339 1506 1416 praeterea
1520 1332 1614 1399 etiam

386 1435 424 1504 ad
450 1437 598 1503 iustitiam
623 1445 654 1503 et
678 1438 810 1504 salutem
827 1454 896 1504 esse
919 1438 1125 1505 necessariam
1151 1455 1212 1503 non
1229 1436 1429 1504 diffiteamur.
1447 1477 1493 1486 -
1507 1439 1615 1505 Nonne

388 1544 461 1610 item
487 1543 684 1610 mendacium
708 1551 756 1610 est
780 1543 867 1622 illud,
891 1543 1097 1628 perverbum
1117 1543 1180 1623 liei,
1204 1543 1288 1630 quod
1305 1543 1366 1611 hde
1389 1544 1542 1624 creditur,
1559 1563 1616 1612 nos

386 1649 440 1716 Dei
459 1657 580 1716 untunr
599 1649 761 1734 promissis
784 1651 876 1718 hdem
895 1651 1035 1717 hahere?
1058 1651 1122 1716 Non
1147 1649 1229 1716 enim
1247 1649 1324 1716 tides
1346 1658 1394 1717 est
1417 1652 1616 1718 solummodo

387 1755 629 1840 promissionum
654 1756 707 1824 liei
732 1755 846 1822 dtrtnts
869 1755 1002 1841 eloquiis
1025 1763 1254 1834 contentarum,
1279 1755 1332 1822 sed
1359 1756 1496 1823 alituum
1519 1758 1616 1823 etiem

386 1861 537 1940 omniunt,
561 1881 643 1948 quae
667 1863 729 1929 illic
752 1863 869 1948 scripta
893 1862 1052 1947 leguntur,
1077 1863 1175 1927 immo
1191 1879 1265 1928 sane
1287 1861 1427 1929 omnium
1444 1861 1516 1930 lidei
1542 1863 1617 1929 arti·

386 1969 543 2048 culorum,
567 1969 597 2034 id
621 1977 678 2046 est,
703 1988 763 2035 nou
790 1969 880 2035 modo
904 1987 1025 2048 eorum,
1048 1986 1129 2053 quae
1145 1985 1235 2034 sacra
1251 1968 1418 2053 utriusque
1434 1969 1615 2036 testamenti

386 2074 498 2160 pagina
521 2077 721 2142 continentur
738 2085 768 2142 et
786 2075 888 2142 uibus
904 2075 973 2142 lidei
990 2075 1150 2159 symbolis,
1167 2091 1279 2159 nempe
1299 2075 1529 2160 lposloloruru,
1546 2073 1618 2160 (72)

386 2181 508 2247 Nicaeni
534 2190 565 2249 et
589 2182 756 2259 Athanasii,
781 2200 892 2249 sertim
916 2183 1009 2248 eliam
1028 2183 1179 2260 omnium,
1204 2199 1412 2268 quaecuuque
1427 2199 1485 2267 per
1511 2183 1619 2250 Eccle-

386 2287 462 2354 siam
486 2288 670 2356 catholicam
695 2289 785 2355 nohis
801 2288 954 2355 credenda
973 2297 1203 2373 proponuntur.
1221 2326 1265 2337 -
1280 2289 1386 2355 Nonne
1403 2290 1462 2356 hoc
1477 2287 1620 2376 denique

386 2393 581 2461 mendacium
606 2402 653 2461 est
671 2395 718 2462 vel
735 2395 875 2461 omnium
901 2395 1038 2460 maxime
1055 2395 1220 2461 scelestum
1238 2401 1269 2461 et
1285 2394 1429 2480 impium,
1452 2395 1619 2463 Christum

385 2507 417 2566 et
439 2502 618 2586 Apostolum
645 2509 792 2587 tanquam
815 2502 978 2568 mendaces
1002 2501 1092 2567 istius
1110 2500 1259 2567 attendacii
1284 2500 1382 2568 citare
1397 2507 1518 2567 testes?
1534 2502 1621 2586 Quid

227 2620 267 2676 (ra.
282 2619 302 2674 ³.
318 2619 362 2676 ¹⁸.)
385 2607 467 2673 enim
493 2607 536 2673 ait
566 2606 712 2676 Christus
736 2609 774 2674 lo.
801 2609 857 2676 3.‘l
883 2607 949 2690 Qui
971 2607 1085 2686 credit,
1110 2607 1223 2692 inquit,
1247 2607 1277 2672 in
1313 2606 1424 2686 lilium,
1448 2625 1516 2673 non
1538 2627 1620 2675 con-

385 2713 572 2779 demnatur.
598 2715 755 2800 Numquid
781 2715 831 2781 hic
853 2714 987 2782 dicitur:
1012 2713 1070 2798 Qui
1096 2713 1197 2780 solum
1214 2713 1324 2790 credit,
1340 2731 1401 2780 uon
1425 2715 1620 2782 condemna-

216 2831 368 2888 (nonam)
387 2825 463 2886 turl
486 2820 566 2904 Quid
592 2821 665 2886 item
691 2822 805 2888 Paulus
822 2821 924 2906 inquit
940 2822 1027 2887 Nom.
1048 2819 1078 2886 3.
1095 2828 1127 2886 et
1142 2820 1199 2885 tt
1224 2819 1456 2899 arbitramur,
1480 2821 1536 2900 ait,
1552 2821 1621 2906 tide

385 2924 569 3010 r'urtt'stcori
598 2923 774 3006 hominem,
810 2926 934 3014 ubsque
967 2925 1122 3012 operatus
1156 2926 1247 3012 lepis,
1282 2926 1312 2992 id
1348 2925 1432 3012 quod
1467 2930 1621 3013 exemplo

384 3033 525 3098 hltrahae
549 3034 690 3117 sentienti
716 3033 816 3118 capite
840 3033 870 3099 1.
899 3033 1088 3100 declaratur.
1112 3031 1270 3118 Numquid
1295 3033 1345 3098 hic
1369 3032 1501 3118 legitur:
1527 3034 1620 3100 llrhi-

385 3145 507 3206 tramor
531 3140 596 3205 sola
620 3138 681 3206 side
704 3139 867 3206 iustificari
893 3139 1076 3205 hominamr
1099 3139 1173 3204 Nam
1202 3146 1238 3204 ut
1261 3139 1354 3206 etiam
1378 3139 1466 3206 nulla
1492 3141 1621 3206 ratione

378 3245 513 3330 quaevis
534 3263 631 3330 opera
656 3246 813 3313 hominem
839 3245 1018 3324 iustihcent,
1041 3245 1079 3311 de
1103 3245 1219 3330 quihus
1242 3245 1303 3313 suh
1318 3245 1452 3313 articulo
1468 3247 1621 3330 proxime

384 3351 557 3437 sequenti¹
580 3369 721 3437 agemus,
747 3351 829 3418 haud
854 3359 956 3418 tanen
981 3351 1052 3418 inde
1069 3352 1114 3429 tit,
1139 3369 1233 3417 unam
1258 3352 1418 3437 solamque
1442 3351 1536 3418 fidem
1561 3355 1621 3420 ah

454 3655 464 3686 ¹
484 3657 554 3710 llaec
572 3655 750 3708 denominatio
774 3653 952 3723 «acquisito»
976 3668 1116 3720 perperam
1136 3656 1178 3707 hic
1196 3654 1336 3708 adhibetur
1355 3654 1389 3708 ab
1412 3663 1530 3710 auctore.
1550 3659 1619 3712 Nam

384 3747 536 3800 Dominicus
556 3745 627 3810 Solo,
646 3741 799 3796 llerborneo
819 3742 935 3810 aequalis
954 3742 999 3808 (do
1019 3750 1110 3795 natura
1129 3748 1155 3795 et
1173 3743 1256 3808 gratia
1276 3745 1298 3796 1.·
1319 3746 1343 3796 2.
1367 3757 1427 3810 cap.
1446 3746 1471 3797 6.
1491 3745 1517 3798 in
1538 3747 1618 3815 line):

386 3856 400 3884 ι
414 3837 450 3889 lte
469 3836 517 3888 alla
537 3847 637 3899 vero»,
656 3831 749 3898 inquit,
771 3831 928 3884 «divisione
947 3831 1009 3884 lidei
1033 3829 1181 3900 acquisitae
1209 3840 1234 3885 et
1253 3831 1369 3902 insuaue,
1388 3833 1451 3887 satis
1470 3834 1513 3888 hlc
1540 3835 1620 3890 luerit

384 3931 561 3992 praenotasse,
579 3921 653 3990 quod
672 3923 737 3972 haec
755 3920 862 3972 nomina
883 3933 934 3972 uon
954 3925 1108 3984 competunt
1126 3919 1237 3984 actibus,
1265 3923 1311 3975 sed
1332 3921 1478 3976 habitibus:
1498 3937 1618 3990 quorum

383 4015 486 4081 primus
504 4028 518 4065 a
539 4013 593 4064 Dec
613 4010 768 4072 infunditur,
788 4009 851 4060 alter
869 4021 934 4061 vero
953 4007 1077 4062 humano
1096 4021 1150 4062 ueta
1168 4007 1321 4078 acquir-lter
1333 4029 1356 4063 ι.
1375 4011 1514 4081 Aequisilu
1535 4013 1618 4080 igitur

383 4105 408 4158 iu
427 4103 533 4166 scholis,
551 4101 630 4154 etlam
649 4104 732 4152 neura
751 4096 906 4162 llerbornel,
919 4094 1140 4150 denominabatur
1153 4097 1238 4150 virtus
1256 4097 1404 4166 naturalis,
1418 4101 1505 4166 prouti
1525 4103 1617 4156 distin·

383 4191 473 4258 guitur
491 4205 505 4244 a
525 4190 621 4242 virtute
640 4185 734 4256 infuso
752 4199 797 4238 seu
817 4183 1033 4254 supermolurcli.
1047 4184 1121 4236 Unde
1139 4184 1215 4248 tides,
1227 4201 1297 4252 quue
1309 4201 1345 4242 ec
1356 4187 1455 4244 duddo
1466 4192 1616 4258 concipitur

383 4286 417 4346 et,
435 4286 464 4334 ut
481 4285 572 4334 auctor
590 4284 659 4331 recte
678 4275 748 4340 dicit,
768 4275 846 4328 elium
865 4271 968 4326 donum
987 4271 1037 4326 Dei
1048 4279 1087 4326 est
1101 4272 1185 4338 (Trld.
1199 4275 1269 4328 Sesa.
1281 4277 1306 4328 6.
1319 4291 1377 4342 cap.
1391 4279 1416 4330 5.
1436 4279 1481 4346 6,),
1501 4280 1615 4336 dicenda

383 4376 422 4423 est
440 4369 528 4435 potius
546 4365 671 4431 octatclh,
688 4372 716 4418 ut
728 4363 906 4427 distinguatur
917 4359 952 4414 ab
970 4359 1111 4427 huha'luuli,
1125 4375 1194 4429 quae
1213 4362 1238 4415 in
1260 4364 1442 4421 iustificatione
1459 4369 1613 4424 iniunditur.

383 4456 420 4511 Cl.
440 4459 526 4523 ipsum
546 4462 680 4509 auctorem
699 4453 766 4504 lutra
786 4465 811 4516 p.
834 4449 894 4502 116.

455 4542 465 4572 ¹
484 4545 537 4598 hrl.
559 4543 583 4597 1.
605 4544 670 4596 inho
692 4539 818 4594 ttetee.
