3384 5082
534 337 664 386 ruamus
687 339 893 388 cononessus.
1262 323 1326 388 257

189 461 232 527 De
256 461 509 547 peregrinatione
532 461 613 530 libro
636 464 768 547 septimo
792 463 1017 531 revelationum
1050 465 1157 532 beatae
1181 464 1328 550 Birgittae

84 583 161 650 cap.
192 568 239 632 Vl.
264 577 296 634 et
321 568 367 634 lX.

188 673 232 741 Do
256 674 466 742 inobedientia
489 683 598 743 contra
622 659 789 742 Romanam
809 677 974 745 Ecclesiam
1001 677 1052 744 lib.
1075 677 1135 742 Vll.
1160 695 1226 763 cap.
1252 678 1326 744 XlX.

85 777 170 844 item
202 781 284 846 noro
307 789 422 866 quarto
445 799 512 866 cap.
539 782 663 848 XXXlll.

188 886 263 952 item
287 887 327 954 (le
350 889 504 973 apostasia
529 890 754 956 monachorum
779 897 810 956 el
834 890 1032 957 sacerdotum
1065 891 1095 956 in
1119 900 1327 976 extravagan-

85 990 184 1058 tibus
206 1010 275 1077 cap.
302 994 450 1060 LXXV-lli.

188 1100 263 1166 item
289 1100 370 1166 libro
392 1109 508 1189 quarto
530 1119 598 1187 cap.
623 1103 711 1169 XXX.
736 1111 767 1169 et
792 1103 947 1169 XXXVl.¹

171 1400 180 1430 ¹
201 1404 266 1456 istae
285 1404 419 1456 citationes
437 1405 638 1458 Revelationum
657 1395 750 1460 beatae
762 1407 887 1472 Birgittne
905 1407 998 1472 procul
1011 1405 1094 1460 dubio
1106 1405 1236 1460 debentur
1249 1408 1328 1461 Paulo
1394 1460 1400 1468 ,

87 1492 197 1556 ileliae,
215 1492 263 1559 qui
281 1491 490 1546 Coniutatlonem
510 1493 542 1546 ed
558 1494 758 1559 impressionem
771 1494 956 1560 praeparabat.
969 1495 1017 1548 ilic
1029 1496 1098 1548 enim
1118 1496 1215 1548 mutilus
1233 1495 1327 1548 eratin

86 1581 131 1633 eis
151 1581 303 1644 alierendis,
323 1587 351 1633 ut
369 1587 441 1647 patet
458 1595 489 1635 ex
508 1582 565 1636 eius
583 1583 694 1648 scalptis.
707 1583 750 1636 Sic
763 1583 808 1636 lib.
826 1585 877 1636 vll.
890 1597 914 1637 c.
930 1585 971 1637 ts.
990 1585 1085 1649 aliegat
1103 1584 1194 1636 saltem
1214 1586 1254 1637 ier
1275 1581 1328 1650 (Se-

88 1669 171 1736 cher,
191 1671 235 1724 86.
253 1671 315 1724 251.
335 1671 407 1736 300),
427 1669 470 1723 lto.
483 1671 526 1723 tv,
539 1684 577 1724 ce.
592 1673 635 1724 33.
648 1672 691 1735 36,
704 1680 729 1724 et
743 1673 843 1725 Exlrov.
863 1686 886 1726 c.
904 1673 938 1726 78
958 1675 1049 1725 saltem
1062 1673 1142 1724 semel
1162 1671 1208 1736 (ib.
1226 1673 1280 1739 sa).
1295 1699 1327 1710 -

88 1757 150 1813 Cur
163 1757 208 1812 lib.
222 1759 274 1812 Vll.
286 1773 327 1812 cc.
341 1761 366 1812 6.
386 1766 412 1812 el
430 1762 455 1813 9.
474 1759 594 1826 cientur,
613 1774 664 1814 non
678 1761 771 1828 liquet;
790 1763 863 1824 torte,
878 1748 905 1814 ut
919 1767 1084 1826 monstretur,
1105 1761 1186 1814 [teum
1210 1761 1328 1813 «utrius-

89 1861 148 1916 que
168 1861 246 1902 sexus
264 1848 353 1902 idiotis
371 1848 490 1916 quidem,
509 1855 536 1902 at
555 1849 662 1902 minime
680 1849 836 1916 vulgaribus
849 1851 904 1902 suis
916 1851 1016 1916 amicis,
1029 1863 1126 1903 arcana
1145 1849 1276 1917 quaedam
1290 1863 1328 1902 re·

91 1939 226 1990 velasse»
249 1939 340 2004 (supra
359 1937 414 2006 65).
435 1967 468 1976 -
488 1939 536 1991 ista
556 1939 650 2004 capita,
670 1944 698 1992 ul
716 1939 804 1992 lectori
823 1952 887 2004 prae
906 1940 989 1992 oculis
1007 1945 1153 2004 versentur,
1173 1939 1214 1990 iric
1234 1944 1262 1990 ul
1277 1935 1327 2006 rid·

91 2024 275 2080 ditomertlam
295 2027 379 2092 posita
398 2033 467 2080 sunt.

532 3019 615 3085 Frms
638 3019 902 3086 Counmnmoms.
