3390 5096
365 308 430 374 ala
680 327 876 377 cenrurnrro
898 329 1131 378 curnennursnr
1153 330 1271 377 nsurcr.

363 451 489 537 pustino
520 459 587 520 tum
620 452 702 519 libro
736 455 784 518 18.
816 451 855 521 de
886 453 1010 521 civitate
1042 453 1107 529 liei,
1138 473 1205 540 cap.
1231 453 1296 534 36,
1328 463 1395 521 tum
1430 455 1512 521 libro
1547 473 1599 521 se-

364 556 467 624 cundo
488 557 527 625 de
550 557 693 626 doctrina
715 559 892 627 Christiana
914 579 981 645 cap.
1006 562 1056 638 8.;
1080 569 1111 627 et
1142 579 1241 628 moon
1276 561 1403 628 concilii
1427 561 1599 646 Cartbagi-

364 665 468 732 uensis
491 665 653 750 approbat.
678 665 764 733 Unde
787 684 967 753 quanquam
991 685 1033 734 ex
1057 667 1117 734 boc
1142 667 1222 734 libro
1241 675 1351 734 contra
1367 667 1497 735 ludaeos
1513 668 1599 734 nibil

363 771 482 838 adstrui
508 779 619 857 potest,
643 779 746 840 buren
770 773 915 860 quisquis
939 773 1090 842 Ecclesiae
1113 774 1198 841 iilius
1220 791 1289 842 esse
1312 776 1381 842 vult
1403 793 1439 842 ac
1455 793 1520 841 non
1539 777 1600 860 Sy-

364 895 500 964 nagogae
524 879 663 964 spurius,
687 879 770 965 apud
794 899 867 947 eum
904 881 962 947 lios
992 881 1089 948 libros
1123 881 1230 948 eadem
1262 881 1448 948 auctoritate
1472 883 1600 966 pollere

363 992 497 1071 oportet,
521 1003 615 1070 quam
640 995 744 1054 cetera
778 987 946 1074 utriusque
976 989 1151 1056 testamenti
1185 988 1353 1054 volumina.
1378 988 1435 1054 Sed
1464 989 1600 1074 quando

364 1091 443 1159 liber
468 1093 517 1158 bic
552 1093 583 1159 in
616 1093 713 1160 reteri
746 1101 931 1161 testamento
966 1101 1143 1180 postremus
1173 1100 1231 1174 est,
1263 1094 1509 1181 haudquaquam
1549 1101 1600 1162 est

364 1206 618 1278 consentaneum,
642 1199 718 1266 illud
743 1200 809 1267 sine
839 1200 991 1267 maiorum
1027 1201 1174 1286 exemplo
1201 1219 1220 1268 a
1245 1201 1317 1268 luda
1341 1201 1530 1268 ilacbabaeo
1555 1201 1599 1266 ia-

364 1314 449 1372 ctum
464 1309 484 1371 ¹.
510 1307 602 1391 Quin,
618 1307 643 1374 si
665 1314 800 1386 vacaret,
825 1325 946 1392 possem
970 1307 1101 1374 edocere
1125 1308 1237 1392 partim
1262 1309 1359 1376 sacris
1383 1308 1498 1392 partim
1524 1325 1599 1393 pro

364 1411 443 1479 lanis
467 1413 606 1480 historiis
629 1409 720 1495 (190)
744 1413 1002 1481 consuetudinem
1026 1414 1135 1499 agendi
1160 1433 1269 1481 curam
1295 1423 1495 1482 mertuorum
1520 1423 1598 1480 ante

364 1519 463 1606 legem
489 1520 636 1606 scriptam
661 1522 701 1588 ab
724 1521 845 1607 origine
868 1521 975 1589 mundi
1000 1523 1155 1607 usquead
1173 1529 1314 1607 tempora
1330 1521 1597 1588 iiacbabaeornm

364 1627 460 1693 veluti
488 1644 543 1711 per·
567 1645 679 1694 manns
703 1627 859 1706 traditam,
884 1646 945 1694 non
969 1627 1070 1695 solum
1095 1627 1177 1712 apud
1204 1627 1331 1694 ludaeos
1349 1627 1460 1708 luisse,
1479 1645 1597 1694 rernm

364 1733 456 1799 etiam
481 1734 563 1818 apud
587 1743 695 1819 gentes
718 1753 759 1800 ex
784 1734 882 1819 ipsius
906 1741 1037 1800 naturae
1062 1733 1249 1818 magisterio.
1267 1737 1366 1819 itque
1383 1733 1455 1799 binc
1472 1732 1596 1800 iactum

365 1839 487 1925 opinor,
511 1857 569 1906 cur
593 1841 719 1926 parcius
742 1841 869 1906 omnino
891 1848 924 1906 et
946 1839 1059 1907 tectius
1083 1839 1251 1926 utriusque
1273 1839 1448 1906 testamenti
1484 1840 1598 1906 literae

367 1947 463 2014 buius
486 1945 531 2013 rei
557 1947 767 2014 meminerint.
793 1947 889 2013 Porro
911 1947 986 2033 quia
1010 1947 1128 2013 morale
1151 1945 1298 2032 quiddam
1322 1952 1370 2012 est
1393 1961 1485 2012 neca
1501 1945 1598 2012 Chri·

366 2060 414 2120 sto
438 2071 494 2121 nec
517 2053 557 2120 ab
580 2053 732 2139 apostolis
756 2054 897 2131 vetitrrm,
921 2060 1007 2120 certe
1042 2071 1105 2119 non
1141 2053 1347 2137 improbando
1369 2052 1598 2136 comprobasse

368 2160 513 2228 videntur
536 2169 568 2228 et
591 2160 686 2226 veluti
711 2169 923 2246 supponentes
948 2161 1006 2227 bac
1028 2161 1067 2227 de
1098 2177 1133 2226 re
1161 2160 1238 2226 nibil
1263 2176 1413 2244 expresse
1437 2159 1596 2243 scriptum

367 2267 583 2352 reliquerunt;
607 2275 638 2334 at
669 2266 796 2352 oblique
828 2274 929 2334 tamen
961 2267 1081 2353 aliquot
1105 2266 1180 2333 locis
1204 2267 1337 2351 apostoli
1373 2265 1596 2332 subindicare-

210 2383 231 2429 ¹·
246 2383 295 2482 εξ·
310 2386 343 2439 ¹⁵,
367 2383 453 2451 runt,
479 2373 574 2441 velud
599 2391 671 2441 cum
696 2373 811 2440 Paulus
834 2373 864 2438 in
888 2373 1059 2440 Corinthiis
1082 2373 1140 2444 ait:
1167 2371 1323 2460 Alioquin
1347 2372 1428 2460 qaid
1458 2369 1597 2457 fuciunt

289 2469 296 2484 ’
368 2481 427 2569 qui
450 2479 669 2566 baptizentur·
690 2499 754 2566 pro
776 2479 931 2556 mortuis,
955 2481 987 2546 ai
1009 2479 1143 2546 cornino
1159 2477 1287 2544 naortui
1301 2498 1368 2544 non
1383 2475 1596 2564 rasurpunt?

366 2588 435 2671 Quo
459 2587 489 2652 in
515 2586 582 2652 loco
616 2603 797 2672 quanquam
833 2586 982 2652 errabant
1018 2585 1093 2652 ialsa
1124 2585 1245 2671 pietalis
1277 2583 1410 2671 imagine
1438 2583 1594 2650 Corinthii

365 2693 504 2779 quidam,
527 2693 755 2771 existimantes,
780 2692 861 2760 inter
883 2694 943 2759 alia
968 2693 1090 2778 piorum
1112 2711 1244 2778 operum
1261 2692 1365 2758 studia
1389 2692 1525 2758 mortuis
1541 2709 1597 2756 ex-

367 2800 467 2866 biberi
492 2800 592 2878 solita,
626 2801 712 2866 rivos
744 2817 801 2884 pro
831 2799 985 2867 defunctis
1017 2817 1145 2886 qnoque
1179 2799 1329 2884 baptizari
1362 2817 1463 2884 posse,
1488 2807 1594 2864 umen

365 2907 530 2991 Apostolus
552 2925 593 2972 ex
624 2925 661 2974 eo
686 2925 772 2973 more
794 2907 835 2974 ab
858 2908 903 2974 eis
930 2925 1087 2986 concesso,
1114 2907 1226 2992 partim
1252 2925 1337 2986 vern,
1361 2905 1475 2991 partim
1504 2905 1595 2981 salso,

366 3012 609 3079 resurrectionis
632 3030 800 3098 corporum
824 3012 1033 3080 adstruendae
1067 3019 1288 3098 argumentum
1312 3011 1415 3090 duxit,
1440 3010 1594 3077 nimirum

366 3119 539 3198 insinuans,
555 3118 660 3204 aliqua
683 3127 767 3186 certe
788 3121 931 3186 virorum
948 3137 1044 3205 opera
1060 3119 1257 3186 commodare
1273 3117 1459 3186 delrrnetis².
1479 3120 1515 3183 nt
1531 3117 1596 3224 cla·

1689 3335 1690 3370 l

438 3367 447 3399 ¹
468 3369 551 3425 Encit.
571 3383 594 3422 c.
616 3369 657 3422 is.
679 3369 701 3436 Q
722 3367 747 3421 i.
765 3369 846 3422 Allato
865 3383 895 3422 er
922 3371 946 3422 2.
967 3369 1048 3421 lincb.
1069 3371 1123 3432 tta,
1144 3369 1234 3436 ta-te)
1254 3368 1403 3421 testimonio
1422 3369 1524 3434 pergit:
1544 3366 1594 3420 Ob

367 3473 442 3512 serva
463 3459 607 3524 purgatorii
627 3458 706 3511 iidem
726 3465 785 3511 unte
804 3457 1021 3511 machabaeorum
1042 3465 1160 3524 tempora
1190 3459 1269 3511 luisse
1297 3463 1439 3522 receptam,
1460 3465 1596 3523 uteunque

367 3546 595 3601 etiamnum'liber
614 3548 671 3614 ipse
690 3546 906 3600 iincbabaeorum
926 3549 968 3600 vel
992 3548 1140 3613 recipiatur,
1160 3549 1201 3600 vel
1226 3548 1292 3599 inter
1316 3548 1468 3612 apocrypha
1488 3546 1595 3599 induco

368 3651 426 3690 rum
447 3635 583 3690 habeatur.
603 3639 636 3690 Eu
655 3637 688 3690 iis
707 3637 780 3690 tacile
804 3637 974 3704 consequitur
999 3637 1128 3690 deiuncris
1153 3636 1279 3702 prodesse
1304 3637 1428 3700 sutfragia
1459 3636 1595 3695 vivorum,

365 3725 538 3795 potissimum
556 3739 620 3780 vcro
638 3723 805 3797 sacrificium
822 3724 929 3791 atum,
946 3725 1094 3791 vigiliarum
1108 3739 1139 3778 ac
1152 3727 1389 3791 eleemosynarnm.
1401 3727 1467 3778 Sunt
1484 3725 1595 3776 enimet

368 3814 470 3868 animae
483 3815 667 3868 detunctorum
681 3815 746 3867 inter
761 3815 896 3868 bominum
915 3813 1004 3867 album
1024 3815 1196 3880 conscriptae.
1210 3815 1273 3866 Nam
1287 3813 1393 3878 dignior
1405 3827 1467 3879 pars
1479 3811 1594 3865 bominis

368 3903 453 3955 anima
474 3911 521 3969 est,
539 3917 553 3956 a
574 3917 625 3970 qua
651 3910 733 3956 totum
753 3903 991 3957 denominationem
1020 3903 1122 3968 accipit,
1147 3904 1193 3956 sed
1213 3909 1269 3967 'pro
1294 3901 1418 3955 omnibus
1442 3900 1595 3954 bominibus

369 3992 498 4045 orandum
517 3998 565 4058 est,
584 4005 685 4059 preces,
703 3993 781 4054 dona,
795 3993 1001 4058 intercessiones,
1014 3991 1149 4062 aedificic
1168 3991 1300 4045 elicienda
1314 4001 1374 4045 sunt
1386 3991 1423 4058 (t.
1437 3991 1505 4042 Tim.
1519 3992 1544 4056 2,
1560 3989 1594 4056 t).

440 4078 450 4111 ¹
471 4080 554 4136 unct.
573 4097 597 4134 c.
616 4081 660 4134 te.
678 4082 700 4148 Q
720 4083 749 4134 3:
769 4083 805 4135 Eo
824 4082 936 4146 pertinet
955 4082 1071 4144 utillud,
1090 4081 1162 4148 quod
1189 4082 1282 4134 Paulus
1309 4079 1535 4135 resnmectionrm
1554 4093 1595 4130 as·

370 4183 459 4222 serens
477 4182 624 4238 corporum
642 4184 677 4224 eu
695 4169 836 4224 observato
855 4169 1047 4223 Corinthiorum
1071 4169 1108 4236 (l.
1128 4168 1187 4224 Cor.
1211 4171 1249 4236 15,
1268 4169 1313 4235 aa)
1333 4181 1417 4232 mere,
1436 4181 1489 4236 quo
1506 4165 1594 4220 crede·

371 4260 441 4322 bant,
459 4273 539 4324 opera
559 4259 703 4324 praesentis
722 4260 791 4312 vitae
809 4273 823 4311 a
843 4259 912 4312 rivis
937 4260 1055 4325 impensa
1074 4259 1205 4312 defunctis
1226 4259 1351 4324 prodesse
1369 4257 1440 4320 olim,
1465 4255 1497 4308 itu
1517 4269 1593 4322 argri-

370 4355 502 4400 mentatur
520 4361 619 4415 eosque
642 4363 672 4401 ex
691 4348 746 4401 suis
773 4349 891 4414 ipsorum
921 4349 1002 4414 gestis
1029 4348 1176 4401 convincit:
1200 4347 1232 4403 Si
1258 4344 1424 4401 resonantia
1452 4357 1505 4398 nen
1534 4343 1592 4406 nai,

370 4435 474 4505 alioqui
491 4435 556 4505 quid
572 4436 685 4505 fuciunt,
705 4435 753 4506 qni
769 4435 943 4504 baptizentur
958 4449 1012 4504 pro
1031 4435 1168 4491 aterbii?
1187 4434 1219 4490 Si
1236 4433 1346 4490 omnine
1363 4432 1466 4488 mertui
1482 4445 1538 4488 non
1556 4447 1593 4486 re

370 4527 498 4593 arriperet,
521 4528 551 4578 ut
568 4523 634 4593 quid
651 4521 826 4592 baptizentur·
843 4537 895 4592 pre
915 4523 989 4580 iilis?
