3384 5082
279 585 832 688 noornnuuuruu
865 587 1150 688 eunucu.

245 837 515 926 Revelaticnes
551 837 691 925 Beatae
727 837 917 947 Birgittne
954 839 1003 924 ad
1040 839 1184 926 calcem

384 962 668 1049 Gcnlutationis
699 963 805 1070 (231)
824 961 835 1004 ¹
864 965 1004 1050 citatae
1022 963 1046 1046 ².

583 1231 850 1248 mm

193 1529 259 1602 Lib.
284 1530 350 1601 Vll.
375 1531 446 1622 (lep.
469 1531 524 1602 vt.
545 1533 649 1600 «Cum
666 1553 779 1619 sponsa
795 1533 908 1601 Christi
926 1541 1008 1602 esset
1024 1535 1054 1600 in
1072 1535 1167 1601 llnma
1182 1535 1329 1603 continue

106 1637 254 1719 residens,
279 1649 310 1708 et
333 1639 469 1725 quodam
493 1641 544 1708 die
571 1641 689 1708 orando
720 1648 818 1708 staret
841 1642 871 1707 in
896 1641 1068 1709 elevatione
1092 1643 1229 1721 ntentali,
1254 1650 1330 1709 tunc

105 1744 249 1813 Christus
271 1747 419 1834 apparuit
440 1747 467 1814 ei
492 1747 536 1815 sic
558 1747 680 1815 dicens:
708 1749 815 1816 Parate
840 1767 894 1816 vos
918 1750 977 1815 iarn
1002 1747 1041 1814 ad
1064 1748 1328 1834 peregrinandum

107 1850 138 1917 in
164 1851 352 1920 Hierusalem
376 1851 415 1920 ad
439 1853 626 1920 visitandum
650 1855 854 1940 sepulchrum
880 1873 984 1922 meum
1008 1862 1041 1921 et
1055 1855 1114 1920 alia
1131 1854 1197 1920 loca
1213 1861 1329 1932 sancta,

103 1975 188 2043 quae
210 1958 251 2025 ibi
275 1967 361 2038 sunt,
384 1967 416 2027 et
438 1959 589 2028 recedetis
610 1960 650 2028 de
674 1961 779 2039 llorna,
802 1978 874 2027 oum
898 1979 957 2046 ego
977 1960 1090 2027 dinero
1112 1959 1246 2027 vobis».

195 2063 291 2131 Noto.
317 2065 409 2132 turta
432 2065 541 2151 cepitis
570 2066 695 2133 titulum
724 2068 800 2134 baec
825 2067 973 2134 revelatio
995 2066 1075 2134 lecta
1105 2075 1153 2134 est
1175 2066 1225 2133 die
1248 2065 1329 2134 beati

105 2170 232 2251 Urbani,
258 2189 356 2257 papae
379 2179 411 2238 et
433 2173 592 2257 martyris,
615 2191 722 2240 mense
744 2173 822 2240 blein
846 2175 912 2256 (ab.
938 2173 1020 2255 llaii)
1039 2172 1111 2238 anni
1140 2171 1233 2239 1371.

193 2274 263 2347 Lib.
286 2275 352 2346 Vll.
377 2276 448 2366 (lep.
471 2276 524 2346 lx.
553 2305 569 2337 α
585 2279 679 2346 Filius
702 2279 755 2346 Dei
781 2279 921 2364 loquitur
937 2296 1068 2364 sponsae
1084 2278 1192 2346 beatae
1206 2278 1330 2346 dicens:

107 2383 151 2449 lte
175 2383 233 2451 iam
258 2391 289 2451 et
314 2384 448 2452 recedite
469 2385 509 2451 cle
532 2385 625 2452 llonva
648 2385 686 2451 111
711 2385 912 2453 llierusalern.
948 2385 1027 2469 Quid
1052 2384 1192 2452 causaris
1218 2383 1257 2452 de
1279 2402 1331 2452 ae·

108 2497 195 2557 tate?
220 2491 282 2576 Ego
304 2507 375 2558 sum
399 2499 531 2558 naturae
546 2491 705 2568 conditum
729 2509 787 2577 epo
802 2509 929 2576 possum
947 2491 1107 2559 infirmare
1129 2498 1161 2557 ct
1182 2491 1331 2558 roborare

107 2605 263 2676 naturam,
287 2597 369 2664 sicut
392 2598 467 2664 mibi
493 2598 610 2682 placet;
634 2615 692 2682 ego
715 2615 771 2664 cro
803 2597 974 2676 vobiscum,
1005 2615 1063 2682 ego
1085 2597 1216 2683 dirigam
1250 2597 1331 2664 viem

109 2711 257 2782 vestram,
280 2721 339 2789 ego
362 2704 473 2771 ducam
496 2713 527 2771 et
545 2703 691 2771 revincam
717 2721 772 2770 vos
794 2703 832 2769 arl
849 2704 976 2780 Romam
993 2709 1025 2770 et
1045 2703 1222 2788 procurabo
1245 2703 1333 2771 vobis

106 2810 282 2876 necessaria
305 2809 523 2890 sufficientius
545 2829 640 2896 quam
666 2828 804 2896 unquam
831 2809 983 2875 balvuistis
1007 2809 1095 2894 prius
1111 2837 1141 2874 ι.

194 2911 288 2984 Libro
299 2912 364 2984 vn.
377 2913 535 3004 capm.
554 2917 671 3002 longior
688 2917 865 2983 continetur
883 2916 1031 2982 revelatio
1047 2933 1193 2982 concessa
1208 2923 1333 2983 sanctae

107 3021 254 3106 Birgittae
278 3021 496 3108 Hierosolymis
511 3041 607 3108 super
624 3041 720 3108 regno
743 3023 958 3108 Cypriorum
982 3022 1089 3089 eadem
1110 3031 1216 3088 sancta
1239 3021 1333 3088 vidue

107 3127 310 3214 iamngmtae
333 3135 441 3195 octava
463 3129 513 3195 die
537 3129 681 3196 Octobris
700 3130 784 3196 1371
805 3129 974 3216 publicarit
998 3128 1027 3194 in
1054 3128 1227 3213 praesentia
1251 3128 1333 3212 regis

106 3243 136 3300 et
154 3235 280 3318 reginae
295 3242 328 3301 et
344 3234 493 3320 principis
508 3236 686 3303 totincbiae
701 3235 774 3303 dicti
791 3235 877 3321 regni
897 3235 1054 3320 totiusque
1071 3235 1183 3319 regalis
1203 3232 1331 3300 consilii.

196 3341 342 3410 cbristus
377 3349 539 3426 postquam
575 3342 758 3410 ebaritatem
788 3360 876 3408 suain
912 3343 1093 3408 immensam
1119 3339 1261 3425 pamione
1303 3345 1334 3406 et

109 3455 211 3514 morte
234 3453 390 3515 ostensam
415 3450 679 3527 commemoravit,
703 3449 908 3533 corroueritur
931 3447 970 3514 de
994 3446 1224 3514 habitatoribus
1240 3445 1332 3531 Cypri

106 3553 200 3639 quasi
225 3571 321 3638 super
344 3573 443 3621 unum
461 3554 627 3622 bominem.
654 3556 735 3622 lnter
757 3555 827 3633 elia,
850 3572 931 3639 quae
949 3555 1074 3639 longum
1098 3562 1179 3620 esset
1204 3553 1254 3620 bic
1277 3571 1335 3618 ex·

107 3659 258 3737 scribere,
284 3660 359 3727 baec
382 3659 458 3726 utcu
479 3661 516 3726 ad
541 3669 679 3728 nostram
706 3677 771 3727 rem
796 3659 1000 3745 pertinentia:

202 3790 217 3822 ι
237 3765 273 3832 Et
295 3766 446 3851 quamilin
472 3776 505 3833 to
531 3776 693 3852 praerepto
711 3785 778 3834 mea
802 3767 933 3833 servasti
950 3774 981 3834 et
1004 3765 1209 3833 obedientiam
1226 3772 1258 3832 et
1272 3771 1334 3831 sta-

110 3879 177 3940 tnta
201 3881 326 3939 sanctae
351 3873 502 3940 Ecclesiae
526 3872 658 3940 lideliter
681 3873 852 3952 custodisti,
877 3883 951 3940 tuoc
975 3873 1148 3940 certissime
1171 3873 1259 3957 orrasi
1288 3871 1334 3937 in·

182 4085 189 4114 ¹
211 4089 297 4152 Supra
316 4085 378 4140 tbi.

180 4175 192 4208 ¹
212 4177 353 4242 excerptae
371 4189 402 4228 er
420 4189 509 4241 opue,
521 4176 563 4228 cui
578 4175 678 4228 titulos:
693 4175 874 4228 ltevelnticnes
885 4177 910 4226 S.
925 4175 1058 4240 brigittae.
1072 4176 1170 4226 llonvne
1182 4173 1253 4240 apud
1268 4172 1333 4225 tud.

107 4266 282 4330 Grignanurn.
299 4265 374 4317 1618.
389 4267 413 4317 2.
430 4264 505 4317 ’11111
520 4265 586 4316 lolio,
600 4291 634 4302 -
648 4265 755 4316 lionrani
770 4277 875 4330 semper
888 4265 1046 4328 scripserunt
1065 4261 1225 4331 «Bripittun
1243 4262 1336 4326 trntgo

112 4373 126 4402 ι
141 4353 245 4420 Brigirla
260 4353 302 4420 »);
321 4353 368 4406 aed
387 4367 449 4406 vv’ra
470 4355 553 4405 torma
573 4366 623 4404 non
643 4363 680 4404 est
694 4353 742 4405 nisi
760 4351 898 4420 «1111111111
910 4373 933 4414 ι,
947 4351 1048 4418 quippe
1066 4352 1138 4418 quod
1152 4364 1249 4402 nomeu
1268 4349 1338 4402 derl-

110 4451 203 4498 vntnm
221 4443 255 4496 sit
272 4457 288 4495 a
307 4441 412 4496 nominc
430 4443 512 4508 patris
530 4441 607 4494 btrius
627 4443 744 4504 Sanctae,
769 4441 815 4508 qul
836 4441 979 4494 vocabatur
999 4439 1096 4508 Birper
1116 4439 1280 4506 (Pederscny.
1298 4437 1337 4492 Cl.

110 4529 291 4596 Briulemuun,
313 4531 367 4583 [ten
387 4534 411 4584 b.
432 4531 547 4598 lllrpltta.
566 4529 731 4584 llbbeubavn
754 4531 830 4582 1893.
849 4544 876 4596 p.
895 4531 910 4582 2
930 4544 955 4582 n.
978 4531 999 4581 l.
