3390 5096
530 305 659 353 rearrus
680 303 886 354 coucnussus.
1258 288 1317 353 191

87 447 168 495 raro
192 429 309 497 Christi
334 429 505 496 sacerdotis
527 429 640 505 officio,
664 447 727 496 non
751 429 856 497 minus
879 428 1077 514 impudenter
1101 428 1237 496 mendax
1262 429 1322 496 cri-

87 534 225 604 minatio
246 543 304 603 est.
328 536 405 621 Quis
427 536 510 603 enim
539 535 671 622 ignorat,
694 553 801 603 sacrm
824 535 992 622 utriusque
1015 535 1191 604 testamenti
1217 535 1323 603 literas

88 641 185 728 longe
209 643 338 729 quidem
362 643 605 728 anteponendas,
621 648 654 710 at
676 642 802 711 interim
820 651 921 710 hmen
939 642 1114 710 sanctiones
1139 641 1321 709 Pontificum

88 748 179 815 relut
206 749 289 834 ipsas
312 767 439 836 quoque
462 768 481 815 a
503 749 617 835 spiritu
641 757 748 817 sancto
771 749 926 835 prolectas
948 755 979 816 et
1001 749 1042 817 oh
1057 748 1088 815 id
1111 749 1149 816 ad
1172 747 1323 816 Christia-

89 873 162 921 nam
191 855 472 942 Erangelicamque
493 855 667 923 doctrinam
692 855 893 940 pertinenter,
918 874 976 923 suo
1003 855 1096 923 etiam
1122 856 1188 923 loco
1212 856 1243 922 in
1267 855 1322 922 Ec-

90 961 186 1028 clesla
213 962 268 1029 liei
293 981 355 1029 non
379 979 446 1030 esse
478 961 670 1048 privandas?
693 963 810 1029 Verum
837 961 920 1029 haud
943 963 1018 1030 satis
1047 962 1188 1030 divinare
1211 979 1322 1048 possu-

90 1085 175 1147 mus,
202 1067 286 1154 qnod
311 1068 363 1136 bic
387 1086 498 1136 verum
522 1067 632 1136 dicatis
655 1068 825 1136 sacerdotis
847 1068 962 1135 Christi
986 1067 1134 1136 officium.
1162 1067 1223 1135 Nos
1250 1067 1322 1154 qui-

90 1172 161 1240 dem
181 1175 243 1242 sub
258 1175 394 1242 articulo
406 1175 478 1242 lllll.
494 1179 505 1217 1
521 1195 563 1243 en
576 1176 749 1261 apostolica
763 1174 916 1242 sententia
927 1174 1102 1254 docuimus,
1116 1175 1320 1260 praecipuum

90 1297 126 1345 ac
152 1281 315 1366 peculiare
338 1281 508 1349 sacerdotis
538 1299 607 1349 esse
631 1300 758 1360 munus,
782 1282 897 1348 ollerre
923 1281 1004 1347 dona
1026 1289 1057 1348 et
1080 1279 1233 1348 sacrificia
1263 1298 1322 1366 pro

94 1386 242 1470 peccatis
267 1386 295 1453 id
320 1388 404 1474 quod
427 1407 447 1454 a
466 1389 583 1455 nostris
606 1387 823 1456 sacerdotibus
845 1386 984 1473 quotidie
1007 1386 1239 1454 celebrantibus
1263 1387 1322 1452 mi-

92 1493 178 1560 nime
203 1493 383 1580 negligitur.
408 1499 444 1561 ht
475 1495 656 1581 praedicare
680 1494 812 1563 verbum
837 1494 891 1562 Dei
916 1513 976 1561 non
1001 1511 1069 1561 esse
1096 1493 1260 1578 proprium
1285 1511 1322 1562 ac

93 1597 302 1668 substantiale
324 1601 464 1668 odicium
487 1599 668 1681 sacerdotis,
692 1601 738 1668 nti
763 1601 921 1668 lutherus
943 1607 1047 1668 vester
1069 1598 1169 1679 docet,
1193 1599 1270 1666 adeo
1286 1605 1322 1667 ut

92 1723 167 1771 eum
206 1707 259 1792 qui
298 1707 430 1774 verbum
456 1708 509 1776 [lei
545 1727 606 1775 non
638 1707 806 1794 praedicat,
836 1707 964 1774 omnino
995 1715 1086 1792 neget
1116 1705 1321 1785 sacerdotem,

95 1813 201 1895 primo
223 1814 295 1881 inde
318 1814 523 1900 colliquescit,
546 1815 694 1901 quoniam
720 1814 777 1882 etsi
801 1815 873 1899 quis
897 1815 928 1881 iu
952 1812 1144 1882 sacerdotem
1161 1829 1322 1880 cousecra-

95 1923 146 1985 tus
168 1917 258 2004 (162)
281 1927 340 2000 est,
365 1930 479 2000 tauren,
503 1921 563 1987 uisi
586 1920 627 1988 ad
651 1921 736 1988 verbi
762 1921 971 1988 ministerium
995 1919 1131 2006 legitime
1151 1917 1249 1988 luerit
1270 1937 1321 1986 ac·

94 2025 241 2106 cersitus,
258 2033 294 2094 ut
317 2025 410 2094 etiam
426 2027 467 2094 sit
490 2026 614 2095 divinae
636 2028 812 2112 scripturae
833 2027 1052 2113 peritissimus,
1076 2025 1320 2112 haudquaquam

96 2131 335 2214 praedicationis
358 2133 496 2201 officium
513 2151 669 2219 usurpare
684 2131 786 2213 debet,
803 2132 1065 2220 quemadmodum
1083 2133 1112 2199 iu
1130 2133 1232 2217 primo
1247 2149 1321 2200 con-

96 2240 237 2319 gressu²
260 2238 508 2307 demonstratum
532 2248 588 2307 est.
615 2240 679 2307 lluc
702 2240 821 2307 accedit
855 2238 1052 2306 manifestum
1077 2237 1210 2324 hpostoli
1235 2239 1321 2306 testi-

96 2345 248 2424 monium,
272 2364 336 2432 quo
359 2347 427 2414 loco
450 2347 509 2413 ait:
536 2347 602 2430 Qui
624 2345 700 2414 bene
720 2355 884 2432 praesunt
905 2344 1099 2434 presbytcri,
1122 2345 1250 2433 duplici
1264 2343 1319 2413 lm-
1350 2361 1371 2405 t.
1386 2360 1440 2460 ppr-
1454 2361 1475 2415 ⁵.

98 2469 177 2518 nore
199 2452 296 2539 digni
309 2451 508 2532 debeantur,
524 2454 671 2521 maxime
686 2454 745 2542 qui
759 2451 916 2520 laborent
939 2453 975 2519 in
997 2451 1094 2520 verbo
1108 2462 1138 2518 et
1154 2452 1318 2520 doctrina.
1421 2447 1426 2459 '

98 2557 140 2622 ln
165 2577 226 2626 uon
252 2559 302 2626 hic
325 2559 428 2645 palam
452 2561 616 2645 Apostolus
639 2559 764 2639 indicat,
780 2559 932 2646 quosdam
956 2559 1052 2627 luisse
1075 2559 1136 2627 iam
1160 2577 1219 2628 stro
1242 2567 1321 2626 tcm-

97 2679 173 2746 pore
196 2666 407 2751 presbyteros‚
431 2668 484 2752 qui
510 2667 642 2734 verbum
667 2666 721 2734 Dei
746 2685 808 2734 uon
844 2667 1061 2752 praedicarent
1084 2669 1158 2750 (nou
1183 2666 1265 2733 enim
1291 2664 1322 2731 id

99 2771 239 2838 muneris
260 2769 370 2839 datum
388 2782 435 2840 est
450 2773 620 2856 omnibus),
637 2774 690 2841 sed
707 2774 812 2841 divina
830 2781 950 2840 mutum
973 2773 1084 2841 devote
1105 2771 1321 2858 persolverent

98 2875 198 2944 olliria
220 2884 254 2945 et
276 2878 489 2947 Ecclesiastica
513 2887 708 2948 sacramenta
730 2880 864 2948 subditis
887 2878 1163 2946 administrarent?
1180 2878 1321 2964 Denique

101 2977 250 3052 Eusebius
274 2985 327 3052 lib.
352 2985 399 3052 lll.
426 2987 656 3054 Ecclesiasticae
691 2986 840 3054 historiae
862 3005 929 3072 cap.
952 2987 986 3052 ll.
1012 3003 1069 3072 per
1100 2993 1320 3052 transcursum

99 3088 284 3171 subindicat,
307 3092 338 3159 in
363 3093 515 3179 principio
539 3093 695 3161 nascentis
712 3093 863 3161 Ecclesiae
879 3093 1121 3178 simplicioribus
1143 3091 1270 3178 quidem
1286 3108 1322 3158 ac

100 3199 307 3266 sanctioribus
331 3199 509 3267 immolandi
534 3201 678 3268 sacrificii
710 3200 860 3280 officium,
888 3199 1130 3286 sapientioribus
1153 3206 1258 3268 autem
1291 3205 1322 3266 et

100 3299 290 3373 doctioribus
313 3307 521 3374 ministerium
544 3307 641 3374 divini
666 3307 752 3375 rerbi
769 3307 967 3393 praedicandi
983 3307 1080 3374 luisse
1096 3305 1320 3374 concreditum.

103 3407 212 3478 Verum
238 3411 268 3480 in
295 3412 344 3479 bis
366 3413 490 3481 duobus
513 3414 655 3482 articulis
677 3415 829 3481 extremis
853 3414 930 3481 nibil
955 3421 1078 3499 praeter
1097 3411 1252 3498 Evangelii
1270 3429 1321 3480 re

101 3517 153 3582 stri
176 3517 335 3598 llosculos,
360 3518 418 3586 hoc
442 3526 500 3599 est,
515 3521 655 3588 convicia
671 3520 870 3599 habentibus,
887 3537 974 3587 more
990 3527 1115 3605 patrum
1133 3527 1321 3598 vestrorum,

102 3617 207 3703 idest,
233 3632 377 3692 veterum
401 3625 631 3694 haereticorum
648 3627 794 3712 exemplo
817 3627 919 3712 agitis,
936 3627 989 3712 qui
1007 3645 1130 3712 semper
1155 3626 1185 3693 in
1211 3625 1322 3692 Roma-

103 3743 167 3796 nam
192 3731 362 3798 Ecclesiam
386 3733 566 3800 sacviernnt
588 3733 736 3812 atrocius,
759 3741 869 3818 utpote
893 3751 974 3820 qnae
994 3734 1058 3800 sola
1081 3733 1223 3800 omnium
1248 3731 1320 3798 bae·

103 3847 202 3902 rcsum
227 3853 285 3904 ceu
309 3845 524 3905 monstrorum
551 3839 665 3905 victrix
688 3857 724 3906 ac
747 3839 899 3905 domitrix
923 3857 1047 3924 semper
1070 3837 1221 3906 extiterit.

184 3943 330 4010 Ceterum
355 3963 394 4012 ne
430 3945 480 4012 bic
503 3945 630 4030 quidem
662 3953 719 4024 est,
754 3964 818 4032 quo
841 3945 968 4030 gloriari
993 3945 1117 4030 possitis
1146 3945 1177 4010 in
1203 3943 1319 4010 malitia
1351 3920 1467 4022 &iffi

104 4058 211 4128 restra,
229 4057 376 4136 tauquam
402 4051 581 4118 inventores
606 4053 674 4119 nori
699 4052 862 4136 dogmatis.
887 4053 963 4119 llam
985 4069 1077 4118 error
1093 4051 1143 4118 hic
1159 4049 1197 4118 dc
1216 4065 1319 4116 sacer-
1336 4027 1479 4126 ,13⁰ssss

1351 4134 1387 4180 tul
1400 4133 1428 4180 tle
1441 4145 1474 4178 u·
1602 4157 1606 4168 ·

102 4149 179 4221 dotio
203 4155 458 4242 evangelioque
481 4176 546 4244 quo
568 4166 643 4225 sunt
667 4157 801 4243 proximi
823 4157 964 4243 quinque
986 4157 1122 4234 articuli,
1139 4164 1186 4223 est
1210 4155 1319 4222 haere·
1356 4187 1460 4234 me„

105 4315 360 4330 Ἦ-ι--ι

169 4407 177 4438 ¹
202 4407 259 4460 175.

168 4491 179 4524 ’
198 4495 232 4550 37
251 4511 292 4566 sq.
