3364 5092
506 323 635 372 neamus
658 323 865 373 eoneaassns.
1237 307 1296 372 lul

77 448 136 516 nisi
166 456 224 516 tum
247 448 389 534 accipere
414 447 517 516 velitis
532 448 623 515 irrxta
638 447 766 516 tertium
788 447 964 533 praedictae
980 447 1188 516 distinotionis
1204 465 1301 516 mem-

75 556 183 634 brum,
204 555 351 622 nimirum
377 562 413 622 ut
435 554 474 621 ad
498 555 751 622 iustificationem
774 573 904 640 quoquo
935 554 1028 622 modo
1057 555 1301 641 praeparatoria.

76 663 129 727 Sin
154 679 225 728 vero
246 661 406 747 accipiatis
428 661 466 728 de
490 661 551 730 lide
573 679 715 747 operosa,
739 677 821 747 quae
844 660 1113 746 perdilectionem
1138 669 1301 747 operatur,

76 788 138 835 non
166 769 241 848 dcta,
265 769 346 848 viva,
370 767 503 836 secunda
526 774 557 836 et
579 767 722 848 formata,
740 785 851 835 verum
872 783 940 835 esse
955 767 1082 854 quidem
1100 769 1300 848 eonfitemur,

76 875 174 960 idque
193 876 283 943 iuxta
306 874 480 943 secundum
506 873 681 960 praedictae
711 873 919 942 distinctionis
935 871 1002 960 (85)
1027 873 1219 952 membrum,
1242 873 1302 941 sci-

76 981 148 1048 licet
172 989 204 1048 nt
226 981 378 1049 iustitiam
401 981 548 1068 augentia
577 989 609 1048 et
639 981 898 1060 consummantia,
922 980 977 1048 sed
1009 980 1090 1048 banc
1121 980 1215 1048 fidem
1239 999 1301 1048 non

74 1107 144 1156 esse
168 1089 260 1156 solam
284 1088 345 1156 sub
379 1089 514 1156 articulo
548 1105 675 1174 quoque
708 1088 930 1173 praecedenti¹
961 1087 1165 1155 ostendimus.
1201 1090 1301 1173 lique

78 1195 137 1261 boc
164 1196 295 1280 probant
316 1194 380 1262 duo
404 1194 511 1280 priora
534 1213 615 1280 quae
638 1194 792 1261 adducitis
826 1194 984 1280 exempla,
1007 1211 1121 1280 nempe
1145 1194 1247 1261 abelis
1271 1200 1302 1262 et

76 1301 216 1368 ‚lbrabae
238 1319 335 1388 opera
358 1319 399 1368 ex
424 1301 475 1366 tali
500 1300 561 1368 lide
586 1300 732 1386 proiecta.
757 1301 875 1367 Verum
892 1301 924 1367 in
943 1301 1035 1367 tertio
1050 1301 1198 1386 exemplo
1213 1300 1302 1367 stulti

78 1407 219 1474 bomines
242 1408 300 1492 ipsi
325 1407 488 1474 vobiscum
512 1415 620 1492 aperte
644 1408 800 1493 pugnatis,
824 1407 900 1474 dum
935 1415 966 1474 et
1000 1407 1163 1492 appellatis
1186 1407 1301 1474 Centu-

76 1514 197 1580 rionem
220 1514 399 1593 Etbnicum,
422 1513 508 1600 quod
533 1532 584 1582 res
606 1523 665 1592 est,
688 1523 720 1581 et
754 1514 848 1581 simul
879 1513 1018 1582 asseritis
1041 1532 1137 1600 opera
1163 1514 1262 1600 ipsius
1285 1533 1302 1582 e

76 1620 135 1686 lide
163 1621 307 1706 proiecta,
332 1621 416 1706 qnod
440 1621 536 1706 priori
567 1639 628 1688 non
653 1621 828 1687 consistet
853 1620 963 1688 Omnis
991 1638 1127 1708 namque
1152 1620 1303 1688 Elbnicus

74 1726 207 1794 infidelis
228 1736 286 1796 est.
310 1728 415 1812 Quare
440 1728 531 1795 iuxta
563 1745 761 1794 communem
797 1727 961 1794 doctorum
997 1727 1182 1794 sententiam
1219 1727 1303 1794 Deus

75 1851 172 1917 opera
193 1835 261 1901 ains
287 1835 438 1918 respexit,
463 1843 611 1920 tanquam
645 1834 738 1901 tertio
772 1833 949 1919 praedictae
979 1832 1186 1900 distinctionis
1211 1833 1303 1900 modo

76 1939 284 2018 iustilicanda,
308 1940 458 2007 nimirum
483 1947 520 2006 ut
541 1939 580 2006 ad
604 1939 754 2006 iustitiam
780 1939 996 2006 tantummodo
1020 1946 1051 2006 et
1073 1939 1208 2025 gratiam
1239 1939 1302 2006 dis·

78 2045 216 2128 positiva.

164 2152 221 2219 Sed
245 2159 281 2219 ut
305 2153 380 2219 buic
403 2152 498 2219 tinem
521 2153 656 2220 articulo
680 2152 802 2220 tandem
828 2153 1035 2238 imponamus,
1060 2169 1132 2219 cum
1164 2159 1196 2219 et
1220 2152 1303 2219 veri·

78 2263 137 2324 tate
163 2259 205 2326 rei
229 2269 260 2327 et
284 2260 461 2344 scripturae
485 2259 642 2327 evidentia
669 2259 766 2326 coacti
803 2277 919 2345 negare
943 2278 1003 2326 non
1039 2259 1174 2344 possitis,
1200 2259 1302 2326 bomi-

78 2381 145 2432 nem
170 2365 311 2432 aduttum
336 2372 368 2433 et
392 2366 521 2433 rationis
544 2373 720 2450 compotem
738 2374 769 2432 et
786 2365 1009 2432 benefaciendi
1034 2365 1301 2451 opportunitatem

77 2479 200 2538 nactum
223 2472 343 2559 absque
367 2472 457 2539 bonis
480 2473 630 2558 operibus
645 2491 748 2558 nequa
766 2472 927 2539 iustificari
945 2489 1047 2558 neque
1063 2473 1182 2538 servari
1200 2489 1301 2558 posse,

79 2582 180 2644 umen
203 2598 299 2646 aurae
324 2579 485 2664 popularis
508 2579 678 2664 captandae
702 2579 802 2664 gratia
825 2573 905 2646 eitra
927 2596 1052 2646 ornnem
1068 2578 1299 2646 distinctionem

80 2683 200 2766 publice
221 2685 340 2754 docetis
362 2703 398 2752 ac
423 2685 618 2771 praedicatis,
642 2685 739 2752 solam
764 2685 934 2753 iustificare
958 2684 1051 2752 sulem
1068 2701 1200 2770 eamque
1216 2686 1302 2752 ultro

80 2787 157 2858 bona
181 2810 285 2860 secum
310 2793 423 2860 afferre
447 2811 553 2878 opera,
586 2811 647 2859 non
682 2791 966 2860 animadvertentes
1000 2798 1032 2860 et
1062 2810 1080 2858 a
1112 2791 1198 2877 regio
1229 2809 1302 2876 pro

80 2897 173 2978 pirata
193 2899 327 2966 dietum:
355 2899 441 2964 lieres
464 2899 607 2984 (discipot
633 2917 711 2966 oasa
736 2917 853 2964 eorum
875 2898 935 2985 qui
958 2895 1145 2965 dominibus
1157 2897 1301 2984 placent,
1319 2912 1472 2966 emma.

80 3011 108 3068 et
129 3025 148 3071 a
173 3005 261 3074 beato
286 3006 397 3073 Paulo:
423 3006 461 3072 Si
483 3003 594 3072 adduc
617 3003 805 3072 bominibus
827 3004 1002 3090 placerem,
1028 3002 1154 3073 dtrbe
1184 3023 1302 3071 servus
1325 3020 1373 3066 aa.
1387 3021 1407 3074 r,
1423 3021 1457 3066 ro.

80 3105 342 3200 haudquaquam
353 3132 463 3179 essem.
479 3113 575 3180 Porro
590 3130 685 3197 quam
701 3118 749 3179 est
766 3112 916 3197 populare
929 3118 1069 3179 vestrum
1083 3111 1166 3180 istud
1178 3111 1302 3197 dogma,

82 3223 139 3284 tam
165 3228 273 3287 contra
296 3219 463 3288 scelestum
487 3226 535 3286 est
557 3237 593 3284 ac
610 3218 751 3304 impium.
769 3219 844 3285 Nam
861 3236 933 3285 cum
952 3218 1077 3284 virtutis
1106 3217 1175 3286 laus
1201 3217 1303 3286 omnis

82 3321 110 3388 in
131 3326 252 3394 actione
276 3328 376 3412 posita
399 3327 450 3405 sit,
484 3325 561 3412 quid
595 3325 680 3392 aliod
715 3333 762 3392 est
784 3324 934 3392 damnare
968 3325 1050 3392 bona
1071 3343 1177 3410 opera,
1207 3341 1302 3410 quam

83 3433 257 3500 nniversam
280 3435 376 3502 semei
412 3435 561 3500 virtutem
597 3441 693 3518 atque
728 3433 922 3499 bonestatam
957 3431 996 3500 de
1023 3432 1141 3498 mundo
1170 3432 1304 3500 tolieret

83 3537 170 3620 Quot,
195 3541 275 3608 bone
298 3541 393 3619 Deus,
416 3557 457 3606 ex
483 3541 541 3607 ista
565 3539 635 3607 iidei
662 3538 890 3625 praedicatione
916 3546 1020 3606 vestra
1050 3546 1120 3606 orta
1151 3547 1225 3606 sunt
1254 3538 1303 3605 bis

85 3647 273 3734 temporibus
298 3648 346 3714 vei
370 3648 543 3714 multorum
568 3665 695 3733 quoque
720 3646 906 3731 pusillorum
930 3645 1127 3724 offendicula,
1153 3653 1188 3712 ut
1211 3645 1303 3712 eisin

85 3749 164 3834 locis,
187 3755 240 3822 ubi
265 3753 358 3822 lectio
381 3763 486 3822 vestra
509 3759 681 3840 grassatur,
706 3771 766 3820 non
791 3753 893 3820 solum
918 3753 1004 3820 nulia
1037 3753 1160 3820 bonesti
1184 3752 1304 3820 ratione

85 3855 185 3928 babila
207 3880 302 3948 quarn
328 3861 527 3929 licentissime
551 3861 685 3940 vivatur,
712 3860 938 3927 verumetiam
963 3859 1103 3926 nonnulli
1128 3878 1189 3926 non
1211 3861 1226 3890 i
1252 3877 1305 3945 pa·

142 3995 152 4016 ⁹
173 4009 264 4042 «non»
284 3995 360 4041 deest.

151 4255 198 4309 ¹S
237 4272 249 4309 r
289 4257 336 4308 ll3
391 4295 397 4309 .

151 4345 161 4376 ¹
181 4271 428 4414 lelrlrlvdaauctopbie
446 4345 509 4399 dicit
527 4345 560 4398 de
579 4343 743 4406 centurione,
763 4357 801 4397 sc.
819 4357 879 4396 anm
900 4343 952 4396 bda
973 4342 1163 4408 supernaturali
1182 4342 1306 4408 caruisse,

89 4433 174 4490 tabum
193 4445 241 4502 eet,
260 4444 288 4490 ut
308 4435 435 4504 probetur
453 4435 587 4490 communi
607 4435 724 4488 doctrina
744 4434 938 4499 theologorum.
958 4432 1014 4498 lpse
1033 4433 1060 4486 S·.
1079 4433 1195 4485 Thomas
1214 4445 1252 4486 ex.
1266 4447 1307 4498 gr.

90 4525 240 4580 mortarium
260 4527 338 4580 docet
357 4528 382 4580 2.
400 4527 425 4580 2.
444 4541 471 4594 q.
492 4527 533 4578 ro.
552 4539 575 4577 a.
596 4523 622 4577 l.
640 4526 674 4578 ad
694 4525 720 4577 3.
