3364 5092
263 682 611 786 sudumuus
645 679 1080 785 OONGRESSUS.

510 957 831 972 mmm

144 1735 210 1818 (14)
226 1737 315 1804 Nunc
327 1737 406 1804 ordo
422 1737 512 1804 nobis
527 1737 568 1804 ab
585 1737 672 1803 initio
688 1737 903 1822 praescriptus
919 1737 1028 1824 exigit,
1046 1737 1095 1821 pie
1113 1737 1221 1815 lector,
1237 1736 1285 1802 uti

69 1841 228 1910 montom
250 1842 442 1910 adornemus
465 1859 681 1928 congressum,
706 1843 735 1909 in
760 1861 825 1928 quo
848 1843 937 1910 iuxta
963 1843 1141 1910 institutum
1167 1851 1198 1910 et
1219 1843 1285 1928 pol-

69 1945 254 2016 licitationem
272 1956 424 2028 nostram,
441 1949 627 2034 prinsquam
652 1948 689 2014 ad
706 1949 847 2034 singulos
863 1948 1103 2034 progrediamur
1123 1948 1284 2026 articulos,

70 2051 179 2120 interim
214 2055 403 2123 adversariis
437 2054 598 2140 paulisper
628 2055 775 2134 dimissis,
800 2055 980 2122 universam
1006 2054 1096 2122 istam
1129 2071 1286 2121 novorum

69 2155 235 2242 dignatum
259 2161 356 2228 seculi
382 2161 479 2228 nostri
504 2161 693 2246 farraginem
717 2162 749 2228 in
773 2179 939 2228 commune
963 2179 1103 2247 pravam,
1129 2161 1285 2230 infidelem

70 2271 95 2327 et
115 2265 298 2335 haereticam
334 2284 413 2346 esse,
445 2285 503 2334 ceu
535 2284 591 2352 per
622 2275 822 2334 transennam
859 2267 913 2334 tibi
948 2267 1159 2346 ostendemus,
1192 2267 1285 2353 idque

70 2371 165 2452 paucis
187 2373 375 2459 quibusdam
400 2373 568 2440 axiomatis
591 2391 658 2440 eam
682 2373 720 2440 ad
745 2391 812 2440 rem
828 2374 917 2459 quasi
943 2374 973 2440 in
990 2374 1087 2441 aciem
1113 2374 1285 2449 instructis,

70 2491 131 2540 rum
156 2479 241 2546 lucri
266 2479 422 2564 cuiusque
445 2477 670 2563 approbatione
695 2478 877 2545 intransitu
901 2479 1051 2546 subiecta.
1076 2478 1165 2562 Quod
1182 2479 1285 2564 ipsum

71 2581 118 2646 atsi
140 2583 218 2651 bona
240 2603 282 2652 ex
307 2591 397 2670 parte
421 2584 481 2650 iam
502 2584 533 2650 iu
559 2584 660 2668 primo
676 2603 803 2670 quoque
818 2601 989 2669 congressu
1014 2585 1062 2651 vel
1087 2593 1141 2652 tua
1164 2584 1209 2666 (ni
1229 2585 1287 2652 lal-

72 2683 122 2768 lor)
143 2691 286 2776 opinione
309 2690 426 2756 lactum
450 2695 509 2768 est,
544 2697 646 2757 umen
672 2689 752 2757 idem
778 2690 836 2757 hoc
865 2691 931 2756 loco
962 2699 1024 2756 tam
1060 2691 1218 2757 succincte
1250 2708 1286 2758 ac

74 2791 158 2861 nihilo
179 2801 283 2865 secius
308 2805 370 2864 tam
387 2796 523 2864 dilucide
548 2797 788 2882 praestabimus,
806 2797 884 2864 liene
900 2797 1027 2864 iuvante
1043 2796 1178 2876 Christo,
1195 2797 1288 2864 cuius

71 2899 161 2981 agitur
182 2903 354 2989 negotium,
378 2910 414 2968 ut
438 2901 521 2969 haud
546 2901 652 2981 sciam,
677 2921 753 2969 num
777 2903 873 2988 (quod
906 2901 944 2968 ad
976 2903 1153 2987 generalem
1177 2903 1288 2970 attinet

72 3001 312 3092 disputationem)
336 3007 507 3094 quicquam
532 3016 695 3094 praeterea
719 3007 872 3095 requiras
896 3008 983 3094 Agite
1002 3008 1111 3095 igitur,
1135 3009 1288 3094 prodeant

73 3107 97 3174 iu
118 3115 250 3182 medium
275 3115 444 3192 axiomata,
468 3121 498 3182 et
522 3114 598 3201 quid
623 3114 737 3181 virium
754 3114 906 3193 adierant,
930 3123 1079 3182 eventum
1100 3131 1288 3199 congressus

73 3229 259 3304 expectantes
281 3221 447 3308 diligenter
470 3221 662 3289 intueamur.

588 3381 753 3448 Primum.

146 3542 414 3627 Quemadmodum
450 3559 534 3608 rinus
569 3548 617 3608 est
650 3541 791 3608 omnium
827 3541 911 3608 Deus
941 3541 1045 3615 (Dent.
1082 3542 1111 3606 6.
1145 3541 1230 3607 llom.
1256 3539 1287 3609 3.

77 3643 98 3706 1.
118 3645 181 3716 Cor.
205 3651 237 3716 8.
262 3648 328 3714 Gal.
353 3647 384 3716 3.
411 3649 487 3733 Epir.
512 3647 544 3714 l.
568 3683 612 3696 -·
631 3649 658 3716 l.
683 3647 762 3712 Tim.
788 3647 834 3730 ⁰2.)
851 3648 875 3725 ¹,
900 3647 942 3713 ita
965 3663 1050 3713 unus
1065 3655 1113 3713 est
1138 3645 1288 3732 magister

74 3765 101 3816 ac
120 3753 261 3823 domiuus
284 3763 391 3822 noster
409 3755 493 3822 lesus
516 3753 661 3820 Christus
684 3753 805 3836 (llatth.
823 3751 876 3819 23.
894 3752 971 3837 Eph.
988 3752 1019 3819 t.
1046 3789 1086 3800 -
1108 3754 1135 3819 l.
1160 3752 1238 3819 Tim.
1256 3755 1286 3820 2.

74 3889 106 3904 -
124 3863 147 3926 l.
169 3865 240 3930 Cor.
270 3865 323 3944 1.),
347 3879 447 3928 unum
465 3870 512 3930 est
535 3859 736 3946 Evangeliurn
761 3859 839 3943 (Gal.
867 3859 920 3942 l.),
946 3877 1008 3925 una
1024 3858 1100 3926 lides
1116 3859 1206 3944 (Eph.
1231 3859 1288 3942 1.),

75 3978 124 4032 uua
145 3969 279 4036 Ecclesia
302 3967 402 4053 (Cant.
421 3971 451 4033 6.
467 3975 499 4035 et
517 3967 555 4033 lo.
576 3968 651 4048 lu),
669 3985 732 4032 unn
749 3965 862 4050 spiritu
879 3966 932 4032 Ilei
952 3973 1037 4032 recta
1060 3969 1104 4048 (l.
1121 3966 1191 4032 Cor.
1213 3969 1287 4048 lt),

75 4077 164 4156 utpote
187 4093 301 4162 sponsa
324 4074 440 4142 Christi
469 4075 568 4156 (Cant.
592 4074 622 4141 l.
648 4083 679 4142 et
696 4075 751 4156 6.),
775 4082 806 4140 et
826 4090 942 4158 corpus
958 4071 1096 4140 eiusdem
1122 4073 1287 4156 mysticum

75 4175 155 4254 (lom.
179 4185 230 4250 lt.
247 4217 290 4232 -
310 4185 337 4248 l.
355 4181 425 4248 Cor.
446 4183 496 4249 lt.
514 4181 592 4267 Epli.
608 4182 639 4247 l.
656 4188 687 4248 et
705 4183 734 4246 ll.
752 4187 783 4246 et
799 4180 863 4246 Col.
883 4182 911 4244 l.
927 4179 1012 4261 eto),
1029 4179 1060 4245 in
1078 4178 1145 4264 lege
1160 4178 1287 4263 quidem

75 4335 324 4355 w·-

129 4429 137 4462 ¹
156 4433 220 4486 Unci
241 4433 250 4499 (
271 4433 289 4500 ),
307 4429 406 4500 quibus
423 4431 516 4484 citatos
543 4431 689 4496 scripturae
708 4427 789 4482 libros
817 4429 978 4491 inclusimus,
997 4427 1024 4480 in
1048 4428 1218 4492 aprograplto
1243 4427 1287 4480 de·

74 4525 128 4572 wll.
