3390 5096
519 324 647 372 nannius
670 323 876 373 cononussus.
1245 307 1309 372 did

78 447 203 533 quibos
228 466 285 515 uos
309 447 366 534 ipsi
392 448 517 515 missam
541 466 609 516 esse
632 447 792 515 fundatam
816 449 996 528 asserimus,
1021 467 1150 534 nempe:
1176 449 1245 516 Hoc
1259 446 1310 535 fo·
1329 461 1481 561 i⁰⁶o²¹ti⁹⁰

77 555 140 619 circ
164 555 205 620 in
230 556 295 621 mo
317 555 671 633 commemorationem,
695 556 731 622 ad
756 573 810 622 eos
840 573 873 622 se
903 553 1084 622 diffundunt
1114 555 1227 634 sotum,
1255 555 1309 640 qui
1348 547 1354 559 '
1384 528 1419 613 1ἕί
1460 547 1467 569 ’

78 662 138 728 hoc
164 669 402 730 sacramentum
428 661 624 747 participant,
649 680 710 729 non
734 662 772 728 ad
789 662 805 694 ⁴¹
829 662 915 730 alios.
941 662 993 728 iiio
1018 679 1072 729 vos
1091 663 1205 729 iterum
1224 661 1311 740 fallit,

77 769 165 853 quod
193 769 226 836 in
251 768 382 835 artiooio
404 768 439 834 X.
463 774 495 836 et
519 768 589 835 ΧΙ.ι
615 768 654 836 de
677 769 895 836 communione
921 769 1070 835 iaicorum
1095 768 1154 835 sub
1178 775 1313 854 utraque

77 877 188 960 specie
215 893 270 942 vos
292 875 400 943 taiiere
422 861 573 954 diximus
597 893 709 961 nempe
732 875 815 962 quod
841 894 901 942 non
926 874 1116 960 distinguitis
1140 875 1170 941 in
1193 875 1314 942 Eucha-

77 981 170 1048 ristia
197 983 290 1048 otiam
315 982 514 1061 sacramenti,
538 983 629 1049 aiiam
654 982 797 1049 sacrificii
823 983 985 1048 rationem.
1003 983 1077 1048 Nam
1095 989 1251 1068 quatenus
1266 990 1314 1048 est

77 1095 329 1166 sacramentum,
352 1089 487 1155 aliorum
524 1106 612 1156 more
643 1095 922 1166 sacramentorum,
951 1089 1004 1156 uni
1034 1087 1154 1173 solique
1178 1088 1311 1154 sumenti

77 1194 224 1278 prodest,
249 1195 333 1280 quod
357 1195 530 1281 spirituaiis
552 1195 674 1262 animae
698 1195 787 1262 cibus
818 1202 875 1273 est,
907 1195 961 1280 qui
986 1195 1224 1262 manducantem
1251 1203 1314 1261 tan·

78 1301 252 1368 tummodo
275 1301 385 1369 reiicit.
411 1304 446 1368 dt
469 1309 627 1387 quatenus
660 1301 848 1368 sacrificium
880 1310 938 1380 est,
970 1319 1056 1368 more
1087 1300 1313 1368 sacrificiorum

78 1407 228 1474 omnium
252 1427 314 1474 non
340 1407 393 1474 oni
416 1415 538 1474 tantum
563 1407 704 1475 odoranti
722 1407 878 1487 conducit,
895 1426 1005 1474 verum
1022 1407 1114 1474 otiam
1131 1407 1199 1474 aiiis
1215 1407 1314 1474 omni-

78 1511 154 1592 bus,
183 1532 241 1600 pro
264 1514 382 1599 quibus
404 1515 572 1582 otientur’.
599 1514 659 1581 tam
683 1515 817 1600 Apostoii
843 1515 1068 1581 Eucharistiam
1086 1515 1117 1582 in
1141 1533 1237 1582 coena
1260 1513 1314 1581 do-

80 1619 198 1687 minica
222 1621 262 1688 de
287 1639 382 1688 manu
419 1621 517 1707 ipsius
540 1621 585 1688 uti
618 1630 849 1689 sacramentum
881 1630 1079 1706 acceperunt,
1116 1621 1246 1707 ideoque
1275 1622 1315 1688 ab

81 1725 144 1792 iiiis
173 1735 249 1794 tunc
273 1736 400 1812 accepta
423 1728 500 1794 nuiii
534 1735 658 1814 praeter
693 1747 746 1796 eos
770 1727 896 1813 profuit.
925 1732 961 1795 m
994 1727 1139 1794 Christus
1164 1728 1313 1794 Euchari-

81 1833 176 1900 stiam
201 1852 262 1901 ocu
285 1834 473 1902 sacrificium
497 1834 631 1902 offerens
654 1835 781 1902 eandem
806 1835 885 1911 aliia,
910 1853 967 1919 pro
990 1835 1106 1919 quibus
1134 1833 1314 1912 offerretur,

81 1939 275 2018 conducere,
288 1940 394 2007 verbis
416 1939 455 2007 ad
479 1949 647 2027 utramque
671 1941 814 2007 sacrificii
840 1948 961 2026 partem
985 1941 1113 2007 adiectis
1139 1940 1315 2006 tucuienter

85 2045 213 2113 indicat.
238 2047 288 2113 Sic
310 2046 392 2114 enirn
417 2047 455 2114 de
481 2065 558 2133 pane
581 2047 642 2114 ait:
668 2047 736 2114 Hoc
766 2055 811 2113 cst
846 2067 969 2133 corpus
992 2066 1113 2125 merim,
1137 2046 1225 2136 quod
1249 2065 1314 2132 pro

86 2151 179 2218 cedia
203 2152 329 2231 dotor,·
350 2153 390 2220 de
413 2153 508 2220 calice
532 2171 623 2220 uero:
650 2153 711 2219 Hic
734 2161 791 2231 eat,
816 2154 928 2239 inquit,
953 2153 1053 2231 cotia,
1071 2173 1193 2219 noviom
1217 2163 1314 2220 testo·

84 2268 234 2325 mentum
259 2259 295 2325 in
317 2260 483 2346 sanquine
504 2279 586 2338 oceo,
609 2261 670 2348 qoc'
687 2280 752 2346 pro
776 2259 866 2327 vodis
880 2257 1050 2345 funditor.
1067 2261 1220 2344 Quocirca
1236 2277 1314 2345 qno·

83 2365 170 2432 niam
193 2366 310 2432 optatio
325 2366 439 2433 Christi
465 2374 531 2433 tum
549 2367 714 2452 subponis
737 2374 768 2433 et
792 2366 854 2433 vini
878 2367 1041 2452 speciebus
1062 2367 1314 2451 exhibitumque

87 2489 163 2538 mox
189 2473 221 2539 in
245 2491 300 2539 ara
323 2472 428 2541 crucis
450 2474 510 2541 sub
535 2475 662 2560 propria
685 2475 787 2560 specie
805 2473 916 2541 visibili
934 2481 1161 2552 consummata,
1178 2473 1235 2540 etsi
1258 2489 1315 2556 pro

89 2580 200 2646 muitis
222 2579 348 2664 quidem
372 2580 555 2659 efficienter,
580 2589 681 2648 tamen
706 2581 899 2648 srrfficienter
924 2599 980 2666 pro
996 2579 1118 2646 cunctis
1133 2579 1314 2647 hominihus

89 2686 279 2768 praeteritis,
304 2687 521 2770 praesentibus
544 2695 575 2753 et
598 2687 725 2766 futuris,
749 2687 828 2754 vivis
851 2704 886 2752 ac
912 2687 1056 2766 mortuis,
1079 2686 1116 2752 ad
1141 2704 1233 2752 omne
1250 2703 1315 2752 ma-

89 2789 154 2856 tum
179 2790 412 2876 deprecandum
438 2792 559 2859 infinito
582 2793 717 2880 quodam
744 2793 848 2878 vigore
881 2793 1025 2878 potiebat,
1049 2791 1313 2878 quamadmodum

87 2898 260 2980 proxime³
277 2894 368 2976 (187)
384 2899 533 2966 diximus.
551 2900 703 2966 Nimirum
722 2906 923 2985 posteaquam
948 2899 1082 2984 apostoti
1106 2898 1315 2983 discipulique
1345 2955 1347 2960 .

88 3001 205 3070 Christi
229 3013 394 3072 eteorum
419 3023 617 3074 successores
640 3013 822 3090 potestatem
847 3013 878 3072 et
912 3005 1043 3072 sormam
1067 3025 1085 3072 a
1108 3005 1233 3072 Christo
1256 3005 1314 3072 sibi

89 3111 236 3177 traditam
260 3120 356 3198 atque
391 3123 589 3198 praeceptam
622 3123 826 3198 exequentes
858 3131 969 3198 nempe
1004 3112 1216 3191 consecrandi,
1240 3111 1315 3178 otie-

90 3217 177 3284 rendi
203 3227 234 3284 et
257 3217 401 3286 sumendi
426 3219 464 3286 ad
499 3220 662 3305 exemplar
696 3237 715 3285 a
746 3220 894 3306 magistro
926 3220 1165 3305 praescriptum,
1190 3217 1316 3304 quando

88 3321 208 3392 dictum
232 3323 341 3392 estad
372 3325 459 3392 iilos:
483 3326 553 3392 Hoc
575 3325 676 3411 facite
706 3327 742 3393 in
776 3326 841 3392 mci
863 3327 1216 3403 coiomcmorotionem,
1241 3325 1315 3391 mis·
1334 3337 1434 3392 ouen,
1449 3337 1483 3383 o.

89 3447 155 3496 sam
179 3431 339 3499 celebrare
357 3439 538 3517 coeperunt,
555 3450 735 3519 quanquam
754 3433 784 3498 in
803 3433 896 3499 missa
911 3451 1021 3500 eorum
1046 3431 1249 3506 Eucharistin,
1269 3431 1313 3497 uti

91 3545 322 3605 sacramentum
346 3538 387 3605 ab
403 3539 448 3606 eis
463 3545 598 3624 sumpta,
616 3540 677 3606 iilis
700 3547 820 3605 tantum
846 3538 1045 3606 sumentibus
1068 3539 1182 3605 satuit:
1208 3547 1314 3604 tamon

154 3671 355 3719 ‘eododem-

161 3895 171 3927 ¹
192 3897 278 3962 Supra
301 3899 363 3962 t63;
388 3897 445 3951 167.

160 3983 274 4040 'Eiteia
292 3999 317 4040 c.
339 3987 382 4039 29.
400 3987 423 4038 K
444 3985 475 4040 δε
502 3987 614 4054 Reliquit
641 3985 759 4040 Christus
788 3987 866 4039 nutus
895 3987 997 4040 unionis
1025 3986 1143 4040 omnium
1172 3986 1318 4039 efficacissi-

91 4087 163 4127 mum
183 4077 332 4141 exemptum
353 4075 378 4127 in
398 4075 566 4142 Errcnaristia,
584 4090 665 4143 quam
693 4089 786 4129 omues
804 4077 1001 4142 participamus,
1020 4077 1062 4128 aiii
1081 4077 1189 4142 quidem
1209 4091 1263 4143 quo
1281 4077 1315 4130 ad

90 4162 220 4234 sacrificii
236 4163 369 4219 ναίίοηαη
387 4165 485 4230 attinet,
504 4165 546 4218 aiii
564 4175 652 4218 aurem
678 4166 788 4233 quoad
817 4167 993 4230 sumptionem
1022 4165 1208 4234 rationemque
1225 4178 1317 4219 sucro·

90 4252 200 4307 ronti...
220 4255 352 4320 Quantum
371 4253 404 4307 ad
423 4251 553 4324 sacrificii
570 4253 703 4308 rationem
731 4255 831 4318 attinet,
850 4267 942 4309 manca
972 4254 1136 4320 participant,
1164 4265 1316 4320 quanquam

90 4343 157 4395 atius
174 4343 225 4395 aiio
245 4343 303 4409 pius
322 4343 455 4397 minusve:
475 4349 602 4411 quantum
621 4345 655 4396 ad
674 4343 841 4399 sacramenti
857 4343 990 4398 rationem
1009 4343 1106 4406 attinet,
1125 4343 1142 4394 ii
1162 4343 1317 4409 participant

90 4432 136 4498 qni
155 4431 208 4484 tide
227 4432 444 4497 perennitatem
464 4443 589 4498 operante
608 4433 746 4486 accedunt.

162 4517 227 4574 'cd
247 4535 327 4587 supra
346 4521 406 4574 2i0.
