3364 5092
532 364 661 413 runrms
683 364 889 414 conpressus.
1260 352 1318 418 ltll

94 487 283 574 gradiendas
306 504 375 554 esse
399 487 551 555 terminos
572 489 729 574 antiquos,
752 507 832 575 quos
863 499 968 576 patres
999 491 1097 559 nostri
1127 499 1324 577 posuerunlt

94 595 217 680 aliaque
243 595 428 680 hoc'geous
452 593 598 679 plurima,
623 594 739 681 quibus
761 615 780 662 a
802 597 867 664 Deo
890 604 921 664 el
943 597 975 663 io
999 597 1142 665 moribus
1164 606 1196 665 et
1218 599 1249 664 in
1273 615 1324 666 ce-

95 701 245 769 remoniis
267 702 425 768 maiorum
450 711 630 770 nostrorum
655 703 789 770 decretis
812 721 924 788 parere
951 704 1108 772 iubemur.
1142 743 1182 754 —
1207 704 1324 773 Deinde
1412 751 1416 757 -

95 807 208 874 ieiunia
233 807 382 876 similiter
398 807 561 876 admittitis
576 809 643 892 pari
661 811 843 890 constantia,
860 811 977 878 scilicet
992 829 1055 897 qua
1074 817 1189 889 celera,
1211 829 1322 879 uerum

92 932 137 993 ea,
160 915 284 1000 quibus
307 915 412 982 carnis
437 914 640 982 rebellionem
663 915 837 996 domamus,
861 917 951 984 iuxta
983 917 1036 985 Dei
1060 917 1236 997 consilium,
1261 936 1322 986 non

90 1020 209 1106 quibus
235 1031 362 1108 peccata
387 1029 494 1089 nostra
517 1021 600 1106 apud
625 1023 722 1090 Deum
748 1023 941 1104 redimimus,
964 1033 1019 1091 aut
1042 1024 1158 1111 quibus
1182 1025 1324 1111 trypocri·

93 1135 197 1194 tarum
224 1147 312 1196 more
331 1129 360 1195 in
378 1135 546 1214 conspectu
565 1129 617 1196 Dei
636 1147 692 1195 nos
712 1129 926 1197 iustilicemus.
944 1132 1016 1198 Tria
1040 1132 1117 1198 haec
1139 1130 1198 1198 dici
1219 1131 1322 1213 audio,

91 1233 129 1300 de
151 1253 293 1320 quorum
320 1236 423 1320 primo
446 1235 528 1302 inter
552 1253 609 1302 nos
632 1237 722 1321 plane
746 1235 900 1316 convenit,
925 1237 1078 1304 laridanda
1106 1255 1174 1304 esse
1197 1238 1323 1319 ieiunia,

91 1340 211 1424 quihus
235 1342 340 1408 carnis
364 1341 494 1409 rebellio
517 1341 670 1409 adversus
695 1342 840 1427 spiritum
865 1342 1039 1410 edometur.
1065 1347 1100 1409 dt
1124 1344 1154 1410 in
1186 1345 1323 1412 secundo

91 1455 203 1514 contra
226 1449 355 1515 omnino
378 1447 598 1526 dissentimus;
623 1448 762 1535 procedit
784 1449 867 1516 enim
893 1451 951 1516 troc
974 1468 1016 1516 ex
1040 1449 1092 1516 illo
1119 1467 1229 1517 errore
1251 1469 1323 1535 gra-

93 1553 231 1634 tissimo,
254 1573 320 1641 quo
344 1563 478 1641 negatur
502 1555 712 1640 expiationem
736 1573 792 1622 seu
817 1555 1061 1641 redemptionem
1087 1557 1203 1643 peccati
1228 1560 1322 1642 (quae

92 1661 263 1728 satisfactio
286 1663 390 1729 vocari
416 1661 506 1744 solet)
527 1661 733 1747 poenitentiae
749 1670 869 1746 partem
893 1679 971 1742 esse,
987 1662 1026 1730 de
1049 1681 1113 1749 quo
1136 1669 1242 1748 postea
1263 1662 1323 1730 sub

92 1769 228 1835 articulo
252 1787 334 1834 nono
356 1768 396 1836 de
420 1768 624 1835 sacramentis
642 1771 663 1833 ¹.
689 1770 732 1835 De
757 1769 849 1835 tertio
871 1775 988 1848 autem,
1012 1769 1037 1835 si
1062 1787 1098 1836 ea
1115 1787 1204 1836 mens
1220 1778 1324 1837 vestra
1379 1837 1383 1850 ,

92 1873 142 1951 sit,
166 1876 213 1940 uti
239 1875 370 1960 negetis,
390 1873 582 1960 hypocritica
605 1875 720 1942 ieiunia
737 1894 792 1942 nos
816 1876 847 1940 in
872 1883 1040 1960 conspectu
1063 1875 1117 1942 Dei
1141 1875 1322 1956 iustificare,

94 1977 122 2044 id
144 1989 205 2060 est,
221 1997 304 2067 quae
330 1997 427 2048 none
450 1981 554 2047 radice
570 1981 733 2048 charitatis
755 1987 828 2048 nata
851 1989 935 2061 sunl,
959 1988 991 2048 at
1006 1982 1107 2048 inanis
1123 1982 1240 2066 gloriae
1257 1987 1323 2048 stu-

95 2084 145 2153 dio
168 2095 326 2172 suscepta,
350 2087 573 2166 consentimus
597 2095 628 2154 et
659 2088 889 2172 amplectimur,
921 2088 1185 2174 quemadmodum
1209 2095 1241 2154 et
1263 2087 1323 2154 sub

97 2193 293 2276 praecedenti
318 2195 481 2261 articulo²
505 2195 646 2261 nonnihil
670 2195 761 2261 aliter
784 2194 946 2280 attigimus
962 2195 987 2260 *.

185 2299 303 2368 Verum
330 2319 390 2368 non
416 2300 518 2368 estid
541 2301 648 2368 ieiunii
674 2301 795 2379 vitium,
818 2309 850 2366 at
873 2301 978 2387 potius
1002 2300 1170 2368 ieiunantis
1193 2301 1322 2381 abusio;
1354 2311 1469 2411 offla·

97 2421 156 2470 non
181 2407 264 2474 enim
290 2407 442 2474 ieiunium
468 2407 569 2486 modo,
593 2406 645 2474 sed
670 2407 763 2474 etiam
787 2415 818 2474 et
833 2408 934 2474 oratio
949 2413 980 2474 et
1003 2408 1208 2492 eleemosyna,
1232 2406 1320 2474 adeo
1447 2397 1453 2409 '

95 2527 157 2594 que
180 2513 286 2580 omnia
309 2529 406 2598 opera
430 2512 509 2580 bona
541 2522 675 2581 externa
710 2514 911 2600 hypocriseos
941 2513 1095 2581 termento
1125 2513 1322 2581 abluentium

97 2618 188 2703 culpa
210 2620 374 2706 corrumpi
399 2628 540 2706 possunt,
564 2621 596 2687 id
625 2621 708 2706 quod
734 2638 790 2688 nos
820 2638 932 2688 cavere
955 2621 1045 2688 docet
1071 2620 1216 2687 Christus
1238 2618 1322 2705 apud

97 2720 297 2792 llattlraeum.
323 2726 374 2791 Sin
399 2734 505 2794 autem
529 2743 567 2793 eo
589 2727 694 2794 animo
717 2727 795 2806 sitis
819 2735 854 2794 ut
870 2727 1005 2794 credatis
1026 2727 1153 2794 omnino
1177 2725 1323 2812 lrypocri·
1345 2737 1454 2782 nnuc.

99 2829 192 2896 ticum
216 2849 296 2910 esse,
322 2833 405 2900 veris
427 2834 521 2900 etiam
545 2833 670 2901 ieiuniis
692 2851 709 2900 e
732 2833 894 2900 charitatis
927 2833 1030 2900 radice
1061 2833 1221 2920 prognatis
1244 2832 1323 2901 velle

99 2951 152 3002 nos
181 2937 266 3023 apud
302 2939 398 3005 mom
431 2939 611 3018 iustificare,
643 2939 844 3006 dissentimus
868 2937 933 3021 (65)
957 2945 988 3006 et
1015 2939 1220 3025 refragamur.
1245 2939 1320 3006 Nam

99 3051 300 3130 posteaquam
331 3045 478 3114 dominus
508 3054 615 3113 noster
645 3046 771 3114 dixerat
800 3045 837 3112 ad
870 3063 961 3112 suos:
994 3045 1070 3112 Nisi
1099 3045 1323 3114 obcludoocrit
1340 3057 1490 3110 dam-w·
1568 3091 1576 3099 -

98 3147 226 3216 tristitia
250 3160 362 3218 oestro
384 3152 461 3238 plus
485 3171 588 3241 prtum
605 3152 803 3220 Scribarum
826 3162 855 3218 el
871 3149 1150 3230 Pharisaeorum,
1174 3151 1242 3218 lieri
1260 3169 1321 3218 non

99 3270 196 3338 posse,
213 3265 251 3324 ut
274 3258 514 3344 ingrederentur
538 3276 669 3345 regnum
694 3259 865 3338 coelorum,
890 3257 983 3343 idque
1000 3259 1146 3343 pluribus
1169 3257 1324 3343 exemplis

98 3361 249 3443 adductis,
274 3365 392 3450 quibus
416 3365 599 3445 insinuaret,
618 3374 765 3452 oportere
788 3384 849 3433 non
874 3366 975 3432 solum
1000 3382 1097 3450 puras
1119 3383 1187 3432 esse
1211 3381 1324 3430 manus

98 3470 228 3538 amalis
250 3471 411 3556 operibus,
437 3491 547 3540 verram
579 3473 672 3540 etiam
695 3491 714 3540 a
737 3473 842 3558 pravis
872 3471 1035 3538 affectibus
1058 3471 1178 3538 animos
1207 3471 1323 3538 habere

99 3591 204 3657 puros,
230 3595 304 3644 mox
330 3577 361 3645 in
385 3579 488 3646 fronte
516 3580 653 3665 proximi
689 3580 799 3664 capitis
828 3579 859 3644 in
883 3577 1034 3656 oratioue,
1065 3578 1261 3662 eleemosyna
1291 3583 1323 3644 et

99 3677 213 3750 ieiunio
238 3685 416 3770 hypocrisin
440 3685 557 3754 evitare
580 3686 680 3766 docel,
704 3692 854 3771 tanquam
878 3684 908 3751 in
941 3683 1026 3750 liisce
1061 3683 1163 3750 tribus
1189 3681 1322 3768 simplici
1346 3695 1455 3740 tatano

98 3792 186 3857 oculo
210 3787 375 3876 susceptis,
400 3791 549 3858 universa
579 3791 732 3859 bonorum
756 3809 889 3876 operum
922 3791 1051 3870 institia,
1075 3807 1156 3876 quae
1183 3789 1220 3856 ad
1246 3791 1323 3858 haec

156 3923 166 3944 ⁶
184 3921 338 3980 ettingimux.

99 4203 223 4272 quioquid
243 4204 309 4255 llaec
329 4201 484 4256 decerneret
502 4201 567 4256 inter
586 4215 693 4256 causom
711 4209 737 4255 et
750 4215 885 4256 causam...
896 4207 983 4256 ratum
1002 4204 1068 4254 toret
1086 4215 1101 4254 a
1120 4201 1183 4265 Deo,
1202 4207 1230 4254 ut
1246 4207 1325 4254 uano

99 4303 202 4354 grassor
219 4305 286 4347 reue
304 4289 450 4346 inuretur
469 4290 563 4362 capitis
584 4292 668 4358 (Dent.
690 4290 732 4355 tr,
758 4292 811 4358 ts),
837 4297 937 4359 quanto
961 4291 1047 4358 magis
1073 4289 1199 4344 audiendi
1226 4296 1323 4354 sont...

99 4383 142 4448 qul
162 4383 188 4436 iu
208 4382 333 4436 cathedra
352 4381 446 4436 Christi
465 4380 583 4434 sedent...

167 4469 176 4502 ¹
197 4485 226 4538 p.
245 4471 331 4538 (tlt).

166 4557 178 4591 ¹
198 4561 283 4627 Supra
302 4561 348 4614 93.

143 4835 180 4904 ⁸
