3378 5082
307 689 561 796 PRIMUS
601 690 1033 798 dobenmsstts

511 967 829 986 mm

155 1748 440 1816 circumferebatur
473 1749 558 1829 otim,
580 1748 755 1817 Christiane
778 1749 887 1829 tector,
917 1749 1095 1836 adagium
1088 1769 1118 1817 m
1148 1751 1284 1820 medicos
1312 1768 1344 1813 ιιι
1358 1767 1439 1814 unna

78 1855 170 1922 nescio
190 1874 227 1922 an
253 1861 317 1922 tam
341 1873 532 1942 veroquam
557 1855 633 1923 saise
656 1855 794 1923 dictum:
818 1855 912 1923 Tituli
938 1855 1130 1925 medicorum
1147 1821 1320 1925 remedia
1310 1873 1449 1920 ιιιιιιιιι

77 1961 190 2041 iubent,
214 1962 338 2047 pixides
362 1967 514 2030 venenat
540 1964 575 2028 tt
598 1969 716 2048 quanto
739 1962 854 2030 iustius
871 1962 1040 2048 veriusque
1063 1981 1133 2031 meo
1156 1963 1283 2049 quidem
1354 1927 1389 1972 '¹⁸'

78 2067 189 2148 iudicio,
213 2068 291 2136 ittud
315 2068 387 2156 quis
409 2070 440 2134 in
464 2069 638 2136 haereticos
661 2069 704 2134 ita
738 2085 864 2135 versum
888 2069 1031 2136 torserit:
1056 2069 1149 2137 Tituti
1173 2070 1284 2138 baere-

77 2175 199 2243 ticorum
224 2175 363 2242 remedia
386 2175 512 2256 babent,
537 2175 630 2244 tibetli
657 2192 784 2243 venena.
808 2175 883 2242 Nam
907 2176 953 2242 uti
978 2177 1186 2262 negotiatores
1202 2194 1285 2244 mer·

75 2281 114 2348 cis
134 2300 208 2350 suae
230 2281 405 2368 elegantius
426 2282 582 2368 quoddam
605 2281 761 2368 specimen
785 2282 928 2368 proferre
951 2282 1061 2362 soient,
1084 2300 1148 2368 quo
1163 2282 1285 2368 reliqua

77 2389 180 2456 mercis
202 2389 277 2457 vitia
301 2389 434 2456 incautis
457 2388 545 2456 tacite
575 2389 753 2468 divendant,
777 2397 872 2475 atque
902 2389 979 2456 adeo
1010 2395 1165 2476 quotquot
1187 2389 1285 2456 alium

75 2493 172 2562 [attere
195 2497 317 2573 rotoni,
340 2495 371 2561 id
394 2495 496 2580 specie
519 2495 653 2581 quadam
676 2496 753 2563 recti
777 2511 814 2562 ac
847 2495 995 2563 ementita
1018 2495 1144 2563 virtutis
1172 2495 1286 2564 umbra

73 2601 192 2668 omnino
214 2601 373 2668 iactitant:
397 2601 493 2667 itaet
517 2601 664 2668 baeretici
689 2609 755 2669 tum
779 2601 836 2668 sibi
863 2609 928 2668 tum
954 2600 1043 2667 tibris
1065 2620 1192 2688 quoqne
1219 2601 1286 2669 suis

74 2707 233 2777 admodum
258 2707 414 2792 speciosos
436 2707 607 2775 inscribere
630 2709 730 2775 soient
749 2709 867 2787 titulos,
882 2707 999 2794 quibus
1014 2726 1071 2775 ceu
1088 2708 1180 2776 mette
1196 2725 1286 2793 prae-

77 2813 133 2893 iito,
160 2821 385 2900 praesentanea
417 2814 598 2900 dogmatum
634 2832 765 2881 suorum
797 2831 915 2882 venena
949 2814 1138 2899 simplicium
1173 2815 1286 2882 animis

76 2919 226 2988 instittent.
252 2921 365 2987 Notum
399 2928 447 2988 est
480 2920 563 2988 enim
590 2919 683 2987 ittud:
708 2921 833 2989 Venena
867 2939 928 2987 non
952 2920 1068 2988 dantur
1104 2921 1161 2989 nisi
1195 2921 1286 2990 mette

75 3027 280 3095 circumiita¹.
306 3027 436 3094 Proinde
470 3028 618 3113 magister
648 3045 684 3095 ac
718 3027 863 3094 dominus
887 3035 992 3095 noster
1025 3029 1108 3094 iesus
1131 3026 1285 3108 Christus,

76 3141 271 3220 posteaquam
296 3133 420 3201 coelesti
445 3133 497 3200 iiio
519 3152 555 3201 ac
579 3134 669 3220 plene
692 3133 797 3201 divino
821 3151 965 3201 sermone
989 3133 1026 3200 ad
1044 3152 1119 3201 suos
1134 3135 1165 3200 in
1181 3141 1287 3202 monte

76 3239 185 3320 babitu,
208 3241 376 3308 universae
398 3240 558 3308 doctrinae
581 3259 656 3308 suae
680 3240 897 3326 compendium
921 3249 952 3306 et
975 3258 1129 3308 summam
1147 3239 1192 3308 eis
1215 3259 1287 3326 pro-

76 3347 235 3430 posuisset,
259 3347 407 3415 nimirum
432 3366 490 3433 pru
512 3354 649 3428 aeterna,
665 3366 729 3435 qua
751 3348 834 3415 Deus
849 3354 928 3426 eret,
944 3348 1096 3432 sapientia
1110 3349 1287 3433 praesciens

75 3451 226 3534 tutorum,
251 3461 287 3520 ut
310 3462 380 3540 post
401 3472 495 3522 soum
517 3455 558 3522 ab
592 3455 653 3522 iltis
686 3455 856 3522 discessum
889 3453 1028 3540 magistri
1064 3455 1229 3522 mendaces
1250 3471 1287 3521 ac

76 3559 136 3628 taisi
158 3561 305 3629 doctores
327 3561 540 3640 exorirentur,
564 3561 618 3648 qui
642 3561 810 3628 salutarem
836 3561 934 3646 ipsius
956 3561 1128 3628 doctrinam
1158 3560 1288 3628 subdole

75 3677 319 3754 mnumpentcs,
343 3674 510 3754 praetextu
534 3668 696 3736 simulatae
720 3667 859 3734 veritatis
882 3675 913 3736 et
937 3667 1072 3735 iustitiae
1094 3668 1213 3735 animas
1230 3666 1288 3734 im-

140 3918 149 3949 ¹
170 3921 214 3972 Est
233 3918 353 3974 Senecae
369 3918 477 3984 dimum,
495 3925 524 3971 ut
541 3917 632 3972 scribit
649 3918 674 3972 in
704 3917 825 3974 Methodo
843 3921 864 3972 T
883 3919 915 3972 t:
936 3919 1007 3985 Quos
1026 3933 1077 3972 uon
1103 3919 1177 3972 eiitcr
1195 3919 1289 3972 intueri

77 4007 152 4072 dms
172 4008 257 4077 iuquit
275 4005 386 4072 Seneca
411 4019 491 4076 quam
518 4005 641 4072 medicos,
669 4021 782 4075 qnorum
807 4006 879 4062 titutt
903 4006 1023 4061 ronredio
1050 4005 1155 4075 babent,
1173 4003 1289 4078 pyxides

78 4111 180 4152 mmo.

140 4185 151 4216 ¹
171 4188 225 4250 Est,
244 4191 310 4240 teste
327 4185 460 4240 Beruardo
478 4185 662 4252 Lutzcnburgo
674 4185 773 4251 (Gotot
794 4185 991 4241 baereticorum
1010 4185 1032 4238 D
1051 4183 1113 4254 δι’),
1133 4185 1217 4238 Sancti
1230 4185 1290 4238 itio·

77 4275 172 4340 ronumi
193 4273 447 4342 (auctmentum
464 4273 567 4327 scribit:
588 4275 694 4329 i'enena
722 4289 774 4328 non
798 4275 893 4330 dantur
921 4274 970 4327 nisi
989 4275 1066 4326 mette
1094 4273 1246 4338 circumlita,
1265 4279 1291 4327 et

77 4363 131 4418 titia
151 4379 204 4418 nou
222 4363 358 4428 decipiunt
375 4363 425 4416 nist
437 4361 488 4416 sub
501 4363 588 4428 specio
607 4364 754 4431 umbraque
772 4363 908 4418 virtutum.
921 4391 954 4402 -
968 4363 1007 4417 Ct.
1025 4361 1108 4417 Encb.
1122 4359 1178 4428 Qb:
1198 4363 1290 4416 Procul

77 4453 160 4508 abesto
180 4453 215 4506 ab
236 4455 331 4506 borum
349 4452 486 4516 conviviis,
505 4453 596 4519 procui
614 4466 630 4505 a
648 4452 826 4518 concionibus,
852 4467 921 4520 quae
948 4449 1049 4506 mellito
1073 4465 1172 4506 emeno
1197 4439 1291 4518 plenae

77 4553 138 4596 sunt
159 4571 192 4582 -
211 4541 275 4600 Not.
294 4541 317 4595 V
338 4539 390 4596 ti:
409 4542 498 4596 Latent
515 4542 585 4594 enirn
605 4539 707 4597 meititu
724 4555 833 4598 ueneno.
