3364 5092
331 201 394 265 100
645 215 840 265 coururnrro
861 217 1094 266 coruncanum
1117 216 1234 264 nnurcr.

326 349 358 410 et
377 342 569 410 ceremonias
590 342 631 409 ab
648 341 867 410 Ecclesiasticis
883 341 1068 427 proceribus
1084 341 1263 408 institutasl
1280 340 1409 418 Siccine,
1426 347 1464 408 nt
1480 341 1559 407 olim
1658 391 1659 394 ,

181 463 254 507 Ιιιιιι.
270 463 304 505 ιι·
326 449 433 516 ludus
456 448 567 515 osculo
600 448 708 533 filium
743 446 898 527 taurinis,
930 449 973 514 ita
1003 465 1059 516 vos
1082 447 1256 515 istiusmodi
1290 447 1379 514 laude
1406 465 1557 532 sponsam

326 555 426 640 ipsius
448 555 616 623 Ecclesiam
642 556 672 623 in
699 573 810 622 manus
834 555 1001 640 impiorum
1025 554 1158 621 traditis.

415 665 451 728 m
474 681 537 741 eas,
561 662 701 749 inquitis,
725 661 889 729 laudamus
912 660 1078 746 imprimis,
1101 677 1182 746 quas
1202 661 1310 728 literae
1333 678 1440 744 sacrae
1465 660 1560 727 uobis

326 777 516 855 genuerunt,
539 777 595 835 ant
617 787 698 854 quac
721 768 761 834 ab
785 767 845 835 illis
868 787 930 834 non
953 765 1152 834 dissentiunt.
1178 767 1276 834 Probe
1307 766 1434 853 qrridem
1460 766 1555 834 istud.

206 889 253 934 a..
269 891 304 934 2⁹-
327 875 385 943 Sed
410 875 593 961 neutiquam
618 873 753 941 Ecclesia
776 880 883 941 nostra
906 874 966 940 boc
990 873 1123 958 ignorat,
1147 871 1241 959 idque
1256 891 1317 940 non
1339 873 1441 939 solum
1468 872 1557 938 Esaia

181 995 254 1040 Ιιιιιι
271 997 304 1040 ιι
327 981 486 1068 magistro,
510 999 620 1048 verum
644 981 737 1048 etiam
762 986 965 1066 praeceptore
987 997 1046 1046 suo
1069 979 1138 1046 lesu
1159 979 1297 1058 Christo,
1312 979 1499 1058 carendum,
1517 997 1557 1046 ne

157 1101 311 1201 griffi-0
327 1097 456 1174 propter
480 1087 644 1155 bominum
677 1086 860 1154 traditiones
884 1093 1050 1172 praecepta
1082 1087 1135 1154 Dei
1167 1086 1255 1153 irrita
1278 1083 1397 1165 danl*‚
1421 1085 1558 1170 ideoque

163 1208 305 1318 l'flffi'fflg'
326 1195 565 1263 constitutiones
589 1195 744 1260 humanas
766 1212 839 1261 cum
864 1193 978 1259 divinis
1004 1193 1138 1278 eloquiis
1169 1199 1353 1278 pugnantes,
1385 1211 1449 1258 una
1481 1209 1555 1258 cum

163 1320 303 1413 „dmm
326 1300 509 1368 auctoribus
532 1299 599 1366 suis
621 1317 689 1366 esse
720 1299 912 1366 reiiciendas.
947 1297 1083 1364 Obedire
1114 1299 1229 1384 (inquit
1253 1305 1363 1364 vertex
1395 1298 1556 1382 llpostolo

163 1368 303 1466 '⁸⁶¹1ng
327 1425 399 1474 rum
418 1409 443 1489 ¹)
467 1413 590 1490 oportet
616 1405 680 1472 lico
703 1406 814 1491 mugio
844 1424 946 1492 qucum
977 1403 1175 1472 dominibus.
1208 1406 1244 1471 llt
1275 1404 1427 1470 ostendite
1460 1404 1556 1490 leges,

326 1511 568 1580 consuetudines
590 1517 622 1578 et
644 1511 837 1579 ceremonias
861 1511 1014 1579 Ecclesiae
1037 1519 1162 1579 nostrae
1187 1511 1235 1578 rel
1258 1529 1318 1578 non
1343 1528 1410 1577 esse
1433 1511 1557 1596 genitas

325 1617 424 1686 sacris
447 1617 556 1696 lileris',
581 1618 630 1686 rel
650 1618 693 1685 'ab
717 1618 777 1685 illis
799 1618 981 1696 dissentire;
1006 1626 1101 1705 atque
1131 1626 1274 1685 tumeas
1304 1637 1367 1684 una
1392 1617 1555 1684 vobiscum

327 1723 572 1809 repudiabimus.
591 1724 707 1791 Verum
732 1724 762 1790 id
779 1723 846 1790 lieri
865 1725 1022 1803 columna,
1039 1742 1099 1790 non
1125 1724 1216 1790 iuxta
1231 1723 1377 1808 spiritum
1401 1729 1556 1802 vestrum,

326 1829 380 1915 qui
404 1830 523 1897 erroris
545 1836 603 1908 est,
627 1837 660 1896 at
683 1831 774 1897 iuxta
797 1829 942 1915 spiritum
970 1829 1132 1910 Ecclesiae,
1156 1829 1210 1916 qui
1235 1829 1375 1897 veritatis
1390 1837 1438 1896 ost
1460 1829 1555 1914 spiri·

326 1943 395 2016 lus;
420 1954 523 2022 neque
545 1937 637 2003 irrata
652 1955 778 2004 sensnm
797 1937 896 2003 insani
920 1937 1040 2004 cerebri
1060 1937 1166 2015 vestri,
1182 1943 1214 2002 at
1230 1935 1482 2002 orthodoxorum
1499 1953 1556 2021 pa-

326 2049 423 2120 trum,
446 2043 528 2127 apud
553 2061 633 2128 quos
648 2061 829 2128 germanam
848 2061 1018 2128 veramque
1041 2043 1271 2128 scripturarum
1289 2041 1557 2126 intelligentiam²

325 2165 393 2216 csse
416 2147 591 2215 docuimus.
608 2185 652 2196 -
667 2149 812 2216 Ceterum
839 2149 898 2216 isla
912 2167 1093 2235 quanquam
1112 2149 1333 2226 inconstanter,
1355 2155 1458 2215 tamen
1483 2146 1555 2230 (64)

326 2253 410 2340 quod
433 2272 507 2321 rere
529 2273 549 2321 a
573 2254 659 2322 vobis
681 2255 764 2322 dicta
787 2263 861 2323 sunt
884 2255 981 2341 (quod
998 2255 1117 2321 culinam
1142 2255 1232 2322 lieret
1255 2253 1374 2340 ubique
1397 2272 1458 2320 non
1489 2263 1555 2322 tam

326 2361 424 2428 verbo
439 2377 534 2446 quam
559 2379 594 2428 re
617 2361 694 2446 ipsa,
710 2369 741 2428 el
756 2380 852 2447 opere
869 2362 966 2448 magis
982 2380 1076 2448 quam
1101 2363 1180 2441 ore),
1197 2379 1310 2447 magno
1325 2361 1376 2427 bic
1394 2378 1451 2428 nos
1468 2360 1554 2428 labo
1658 2413 1659 2434 i

326 2484 398 2534 rum
415 2467 497 2533 fasce
513 2467 684 2546 tenetisne
700 2469 776 2552 quid
792 2487 872 2553 opus
887 2469 937 2548 sit,
952 2469 1031 2534 banc
1048 2468 1078 2535 in
1097 2486 1163 2534 rem
1179 2468 1409 2553 scripturarum
1426 2467 1555 2536 adferre
1658 2473 1659 2480 ’

326 2573 513 2651 testimonia,
538 2575 721 2659 praesertim
756 2574 896 2642 studioso
931 2575 1038 2642 lectori
1075 2591 1231 2660 nosquam
1256 2593 1318 2642 uon
1349 2572 1451 2640 obvia
1476 2574 1557 2659 Quis

178 2692 302 2792 largn,
269 2694 302 2746 tc
326 2680 409 2746 enim
434 2679 474 2745 ibi
500 2698 560 2746 non
587 2681 669 2765 legit,
693 2681 850 2748 nolentem
885 2682 995 2748 audire
1020 2680 1185 2748 Ecclesiam
1215 2680 1302 2747 relul
1332 2679 1498 2746 Etbnicnm
1522 2689 1556 2748 et

159 2799 262 2852 ιιιιιιι,
274 2801 307 2844 rt
326 2784 529 2871 publicanum
553 2804 621 2853 esse
655 2787 859 2854 habendum?
895 2788 968 2854 ltem
1004 2788 1160 2854 nolentem
1196 2787 1323 2854 obedire
1347 2787 1461 2853 summi
1496 2805 1556 2872 pro

177 2907 251 2952 mm
269 2907 302 2959 ιι.
327 2897 468 2976 tempore
491 2892 691 2960 sacerdotis
685 2895 816 2978 imperio
840 2904 941 2962 morlo
966 2893 1189 2979 plectendumt
1213 2894 1288 2960 ltem
1324 2891 1476 2978 quicquid
1500 2893 1555 2959 Pe-

232 2961 254 3003 θ’
328 3004 398 3065 trus
421 2998 553 3083 eiusque
581 3017 743 3067 successor
767 3007 824 3067 aut
854 3001 995 3086 ligaverit
1026 3009 1081 3067 aut
1112 3000 1278 3068 solverit
1272 3019 1302 3066 rn
1331 2999 1435 3079 terris,
1459 2999 1554 3066 simol

157 3119 209 3164 rae.
224 3118 257 3172 ιιι,
273 3119 306 3162 ιι
327 3111 359 3169 et
381 3103 412 3169 in
437 3103 531 3170 coelis
555 3123 682 3190 quoque
698 3107 747 3173 vel
772 3107 900 3190 ligatum
926 3107 973 3174 vel
990 3101 1129 3174 solutuin
1145 3112 1238 3174 esset
1262 3107 1336 3173 ltem
1361 3106 1415 3191 qui
1433 3105 1556 3190 spernit

158 3223 308 3276 emanas.
328 3210 487 3295 Apostolos
509 3229 685 3296 eorumque
708 3231 915 3292 successores,
940 3214 1039 3281 Deum
1056 3231 1205 3298 spernere
1222 3213 1257 3278 ³l
1281 3213 1354 3280 ltem
1372 3230 1433 3279 non
1451 3219 1555 3279 trans·

389 3344 401 3364 “
421 3343 524 3390 ‹Eunt›
545 3345 619 3390 deest.

398 3603 407 3635 ¹
427 3605 499 3659 Mon.
519 3605 537 3658 Α
560 3603 610 3657 lb:
629 3604 725 3658 Petrus
738 3605 877 3670 Apostolici
891 3613 996 3659 senatus
1008 3609 1110 3660 vermo.
1130 3607 1148 3657 E
1167 3607 1199 3659 5:
1219 3603 1348 3659 Verticcm
1361 3601 1554 3674 Apostolorum

326 3693 447 3747 Petrum.

397 3779 408 3811 ²
427 3783 511 3846 Supra
532 3783 575 3833 63.
594 3779 639 3834 dt.

397 3867 408 3900 ¹
430 3869 511 3924 Encb.
528 3883 550 3922 c.
571 3872 612 3923 33.
632 3871 686 3936 agit
704 3871 738 3922 de
757 3869 871 3926 utilitate
889 3871 1081 3927 etuecessilole
1100 3871 1320 3927 corstitutionum
1343 3885 1373 3924 cx
1399 3869 1555 3935 poutltlcum

326 3958 479 4012 auctoritate
496 3961 683 4024 prosectarum.
701 3960 721 4011 L
740 3957 777 4010 gu
796 3974 836 4028 sq.
856 3961 931 4014 dicit:
951 3963 984 4014 Ex
1004 3963 1059 4014 Act.
1076 3962 1123 4027 te;
1144 3963 1176 4013 lli
1196 3960 1365 4028 consequitur
1384 3973 1438 4012 non
1457 3971 1554 4024 parum

327 4047 407 4098 multa
424 4047 503 4098 luisse
521 4045 572 4099 sub
590 4046 729 4100 exordium
748 4049 903 4101 nascentis...
924 4050 1052 4102 Ecclesiae
1082 4060 1230 4115 praecepta,
1259 4061 1414 4116 quanquam
1431 4060 1482 4098 non
1502 4045 1555 4098 sint

326 4133 405 4187 literis
423 4135 590 4198 dernnndata,
608 4135 707 4202 quibus
731 4136 811 4190 nibilu
833 4151 909 4190 secus
934 4138 1023 4191 lldeles
1044 4138 1225 4192 reddebantur
1243 4136 1389 4190 obstrictl...
1408 4136 1458 4203 Qui
1482 4135 1554 4188 enim

327 4237 376 4275 ros
393 4224 501 4288 apernit,
520 4236 563 4276 me
581 4223 680 4288 spernit
699 4223 772 4290 (Luc.
792 4225 845 4291 lb).
874 4226 971 4279 Eadem
991 4227 1061 4280 euim
1081 4228 1194 4280 Ecclesia
1214 4226 1325 4279 eandem
1346 4225 1445 4289 recepit
1463 4225 1553 4289 legum

326 4311 526 4365 condendarum
545 4313 725 4366 auctoritatem
746 4326 760 4364 a
779 4311 890 4381 Christo,
903 4329 984 4381 quam
997 4323 1023 4369 et
1036 4317 1152 4382 Apostoli
1167 4315 1228 4370 tldei
1242 4321 1346 4368 nostrae
1359 4312 1441 4367 duces
1454 4313 1554 4380 (Eattlr.

328 4400 369 4462 ts,
392 4399 471 4467 17)....
491 4400 517 4452 Si
535 4401 606 4454 anim
634 4405 733 4454 tantum
760 4403 887 4456 bonorem
915 4401 1033 4458 Christus
1062 4403 1207 4460 cathedrae
1226 4403 1297 4460 Most
1320 4402 1403 4456 voluit
1429 4413 1496 4468 esee,
1524 4405 1554 4454 nt
