3378 5082
372 293 416 358 lo
686 309 881 360 3333333333
905 309 1135 358 3333333333333
1159 309 1275 357 333333.

371 434 623 522 quandoquidem
645 435 791 502 dominus
815 443 920 501 noster
945 435 1029 502 lesus
1052 435 1196 501 Christus
1227 441 1297 520 post
1326 433 1423 501 uerba
1447 433 1600 518 superins
1681 403 1682 408 Ἰ

238 554 348 600 333337
372 541 410 609 de
433 541 714 627 pseudoprophetis
737 540 880 619 adducta,
904 541 1100 609 continenter
1122 541 1295 620 admonuit,
1319 559 1372 607 eos
1395 559 1413 630 3
1436 539 1599 606 lruotilins

1681 681 1682 714 l

1681 721 1682 784 l

372 666 440 716 esse
462 646 697 733 dignoscendos,
721 667 782 714 non
807 647 990 732 gravemini,
1013 665 1141 732 quaeso,
1164 646 1298 714 eundem
1323 625 1433 720 audire
1461 645 1596 712 Paulum

372 755 495 821 lrnetus
518 754 621 820 earnis
643 761 675 822 et
697 755 827 839 spiritns
850 771 945 838 quam
982 753 1228 821 luculentissime
1250 753 1505 838 distinguentem,
1529 771 1597 836 quo
1681 791 1682 798 κ

372 879 413 927 ex
439 862 505 927 loro
528 879 590 927 non
615 861 735 927 minore
760 861 882 946 negotio
911 859 1162 946 deprehendere
1178 859 1293 939 licebit,
1318 877 1392 926 num
1417 859 1509 925 iuxta
1531 859 1599 943 spi·
1681 887 1682 912 3

284 1013 291 1026 .
319 1016 324 1034 ,
374 969 469 1034 rilnm
493 986 531 1033 an
557 985 682 1034 carnem
707 967 883 1034 ambuletis.
908 967 1019 1032 Porro
1043 967 1171 1051 (inquil)
1195 963 1469 1052 rtauuifestasuat
1491 984 1598 1050 opera

312 1057 338 1080 '¹
373 1074 499 1152 earnis,
523 1081 706 1162 quaesout
730 1071 827 1139 llaec:
852 1073 1067 1151 adulterium,
1091 1073 1260 1152 scortatio,
1292 1072 1521 1149 iramuudt'tr'n,
1546 1071 1597 1136 la·

371 1181 489 1258 seinte,
512 1180 774 1246 simulacrorum
799 1180 918 1256 callais,
955 1178 1159 1263 verwfioium,
1191 1178 1396 1256 latratorum,
1420 1178 1598 1244 333333333-
1681 1197 1682 1260 3

372 1307 439 1366 nes,
463 1285 711 1365 aoruulalioaos,
737 1288 819 1364 irae,
851 1287 1118 1364 concursationes,
1153 1285 1337 1363 seditiones,
1368 1293 1484 1362 serlus,
1511 1284 1598 1349 irrui·
1681 1357 1682 1366 ¹

372 1395 459 1470 iliae,
483 1394 608 1470 euodes,
632 1393 811 1472 amartetes,
835 1394 1086 1459 cornessatioues
1109 1401 1137 1457 el
1160 1391 1213 1458 dis
1239 1391 1378 1470 riutilio,
1406 1392 1446 1458 de
1472 1390 1598 1479 quidus
1681 1453 1682 1466 ,

371 1501 528 1586 praedico
551 1499 653 1578 33333,
676 1500 953 1587 quemadmodum
970 1507 999 1564 ot
1013 1499 1183 1584 praediri,
1200 1498 1288 1586 quod
1301 1499 1362 1586 qui
1374 1498 1458 1564 talia
1475 1507 1596 1584 aptant,
1681 1579 1682 1598 χ

374 1606 469 1692 requi
494 1607 551 1670 Dm'
574 1603 728 1672 liuoredes
752 1627 816 1672 333
840 1618 947 1672 eruut.
975 1606 1099 1672 Contra
1121 1605 1257 1693 friuolus
1278 1605 1422 1691 spiritus
1444 1613 1491 1670 art
1514 1601 1597 1670 edu-

374 1713 470 1790 33333,
492 1713 670 1798 gaudium,
694 1732 775 1797 porr,
799 1713 928 1791 territus,
952 1711 1147 1798 tertlpoaas,
1172 1711 1313 1790 bonitas,
1328 1711 1422 1796 fides,
1439 1729 1598 1776 monsue-
1681 1695 1682 1772 f

373 1821 462 1898 tudo,
486 1820 657 1898 modestia,
681 1820 892 1894 rontinentia,
916 1820 1063 1884 castilas.
1090 1819 1183 1885 Paroa
1216 1818 1304 1897 milri,
1327 1835 1454 1904 quaeso,
1479 1818 1530 1902 pie
1553 1816 1598 1883 le·
1681 1823 1682 1858 ³

373 1933 450 2004 otor,
474 1927 498 1992 si
525 1935 648 2010 praeter
673 1925 850 1992 institutum
877 1926 925 1992 lais
948 1925 1051 1993 tribus
1075 1926 1105 1991 in
1136 1925 1210 1992 loris
1246 1925 1416 1992 referendis
1440 1924 1598 2008 prolixior
1681 1905 1682 1978 ἒ

374 2032 462 2109 loris,
486 2050 580 2116 quam
606 2032 691 2110 uelis,
715 2032 839 2110 luerim,
864 2039 899 2098 ul
922 2031 1006 2116 qnod
1031 2031 1060 2097 in
1085 2032 1216 2117 gratiam
1242 2031 1286 2098 tui
1311 2031 1426 2097 lactum
1452 2031 1501 2096 sit.
1520 2030 1596 2096 Nam
1681 2023 1682 2080 l

373 2137 559 2205 virleliantur
584 2137 658 2203 milu
683 2137 720 2203 ad
746 2156 811 2204 rem
837 2137 991 2222 imprimis
1020 2138 1187 2222 pertinere.
1212 2138 1420 2222 dispeream¹
1445 2153 1596 2220 namque,
1681 2169 1682 2198 l

373 2245 397 2310 si
424 2261 483 2308 333
509 2243 609 2309 solum
636 2243 712 2308 liaeo
737 2243 796 2309 tria
819 2243 911 2309 simul
936 2245 1012 2322 losa,
1039 2261 1147 2309 rernm
1172 2245 1265 2310 etiam
1290 2243 1433 2327 singulus
1455 2243 1594 2327 quisque
1681 2225 1682 2280 ἕ

374 2369 433 2416 333
459 2351 548 2416 lariat
572 2350 647 2416 salis
670 2349 774 2432 (modo
797 2351 911 2416 allento
942 2350 1042 2434 posito
1072 2349 1245 2434 expendas)
1267 2349 1304 2415 ad
1330 2367 1495 2416 sensuram
1522 2366 1594 2433 per·
1681 2337 1682 2366 ³

373 2455 533 2541 agendam,
556 2455 595 2522 de
619 2457 767 2522 unimrsa
789 2457 848 2522 333
871 2463 995 2523 nostrae
1032 2457 1223 2541 terupestalis
1253 2455 1395 2522 doctrina
1418 2474 1508 2522 nora.
1534 2455 1595 2521 Sed
1681 2543 1682 2548 ἵ

374 2563 466 2628 nimis
488 2581 582 2646 quam
609 2562 720 2646 longus
743 2563 842 2640 luero,
867 2563 892 2629 si
917 2562 977 2628 tria
1002 2563 1077 2628 lines
1102 2564 1168 2629 lora
1192 2563 1296 2629 uerbis
1320 2562 1435 2629 uostris
1458 2561 1597 2646 amplifi·
1681 2583 1682 2634 1

374 2687 445 2736 care
471 2668 571 2735 uelim.
595 2671 630 2733 lt
654 2668 684 2734 id
709 2677 763 2734 luo
788 2668 885 2752 ipsius
908 2651 1022 2734 iudicio
1046 2670 1237 2755 relinquens
1255 2668 1470 2735 tantummodo
1488 2667 1600 2752 paucis
1681 2717 1682 2752 2

374 2775 533 2858 attingam.

464 2880 617 2964 l’rineipio
640 2899 703 2965 qua
726 2880 828 2946 lronle
858 2879 1031 2946 doctrinam
1063 2881 1153 2947 istam
1191 2889 1325 2948 restram
1349 2901 1368 2947 a
1393 2889 1481 2967 patre
1507 2881 1599 2946 lirini·
1681 2903 1682 2964 ς

206 3004 359 3049 nummorum
376 3007 449 3054 num
475 3005 492 3052 e
516 2987 609 3052 coelis
634 2986 803 3070 prolectam
829 2986 943 3051 iactare
968 3005 1027 3051 non
1053 2988 1227 3053 veremini?
1250 3005 1331 3072 quae
1355 3005 1415 3053 non
1440 2995 1488 3053 333
1505 2987 1599 3052 iuxta

206 3057 356 3157 ciminii
374 3094 434 3160 diri
461 3092 557 3159 lacohi
583 3094 767 3158 sententiam
793 3091 916 3176 pudica,
940 3092 1077 3176 pasilioa,
1095 3093 1244 3172 ruodesta,
1262 3093 1442 3170 tractabilis,
1460 3101 1491 3160 et
1509 3093 1600 3158 nouis
1681 3179 1682 3182 Ἴ

335 3165 586 3276 ¹'eonsentiens;
610 3199 663 3264 sed
688 3205 836 3283 tanquam
862 3205 996 3276 terrena,
1021 3199 1175 3278 anirualis,
1199 3199 1361 3278 diabolica,
1377 3199 1600 3266 aemulationis
1681 3245 1682 3254 ,

375 3306 643 3389 contentionisque
668 3305 767 3388 plena,
793 3311 912 3370 tantum
937 3306 1025 3371 abest
1047 3324 1065 3370 3
1091 3306 1314 3385 benevolentia,
1331 3325 1449 3384 333333,
1467 3323 1598 3372 333333-

373 3413 433 3491 dia,
458 3421 489 3479 el
513 3429 586 3496 paee
611 3410 705 3476 lolius
730 3410 895 3494 Evangelii,
919 3419 1013 3496 atque
1028 3412 1105 3478 adeo
1121 3413 1351 3496 seripturarum
1368 3413 1511 3478 orrmium
1536 3412 1599 3478 line
1681 3397 1682 3472 j

374 3538 410 3587 33
433 3538 537 3603 scopo,
562 3525 597 3583 ut
628 3535 688 3582 non
720 3517 822 3582 solum
854 3517 1001 3582 excitarit
1025 3517 1275 3598 inobedientiam,
1300 3519 1514 3596 rebellionem,
1539 3518 1598 3584 dis·
1681 3575 1682 3584 ,

375 3627 461 3702 sidia,
485 3622 553 3708 313)
578 3623 743 3690 seditiones
766 3630 797 3688 ot
822 3624 976 3689 tumultus
1010 3625 1156 3690 omnibus
1187 3625 1217 3690 in
1254 3626 1338 3705 loeis,
1362 3625 1481 3710 quibus
1506 3643 1598 3692 rene·

376 3743 447 3799 nala
469 3731 628 3798 doetrinae
645 3737 766 3795 restrae
783 3729 878 3812 pestis
892 3729 1145 3810 afflavil,rerum
1163 3731 1255 3797 etiam
1274 3733 1304 3797 in
1321 3732 1497 3810 Germania,
1515 3733 1598 3798 unde
1681 3811 1682 3818 ἵ

376 3841 512 3925 primum
539 3838 626 3903 uirus
656 3835 735 3902 istud
768 3834 926 3912 diffusum,
952 3835 1090 3901 inaudita
1125 3838 1350 3922 propemodum
1382 3845 1487 3924 strage
1511 3839 1599 3924 plus·

447 4145 455 4176 ¹
476 4146 547 4200 Mea.
567 4143 585 4197 C
606 4145 635 4194 2:
656 4142 728 4208 Quae
748 4137 878 4198 uniuersa,
897 4135 1055 4204 dispeream,
1076 4139 1097 4189 si
1117 4153 1168 4190 non
1181 4141 1313 4206 quadrant
1332 4141 1355 4194 in
1376 4155 1431 4193 eos.
1449 4143 1470 4192 G
1490 4142 1521 4194 5:
1542 4141 1598 4195 Dis·

372 4249 491 4305 parma,
511 4235 532 4286 si
551 4247 603 4287 non
623 4231 650 4284 id
678 4232 702 4282 in
721 4227 838 4280 animum
858 4225 958 4278 induxit
986 4226 1102 4278 sicarius.
1123 4227 1142 4278 N
1162 4229 1192 4278 2:
1222 4228 1386 4296 dispeream,
1410 4228 1436 4282 si
1453 4243 1509 4284 nou
1528 4245 1599 4283 com·

376 4333 467 4392 petunt
491 4328 554 4376 lmoe
582 4324 633 4376 in...
663 4321 800 4374 universos
818 4316 987 4367 Lullieranos.
1006 4342 1041 4352 —
1064 4316 1093 4365 Et
1120 4316 1145 4366 in
1165 4315 1226 4369 Nol.
1245 4317 1267 4382 Q
1287 4317 1337 4369 8¹³:
1359 4317 1528 4388 dispeream,
1549 4320 1596 4372 uisi
1681 4375 1682 4382 ,

377 4417 461 4482 reipsa
481 4415 514 4466 ita
534 4413 685 4479 comperiet,
705 4410 741 4464 uli
761 4405 868 4473 praelati
883 4417 984 4456 sumus.
1004 4431 1037 4440 —
1057 4406 1085 4456 ln
1104 4403 1169 4472 Ep:
1189 4405 1215 4457 ld
1235 4406 1257 4457 sl
1276 4407 1416 4472 elloeerlut,
1436 4406 1597 4477 dupereum,
1681 4389 1682 4476 i

377 4506 397 4559 si
417 4520 467 4558 uon
488 4503 609 4558 manibus
628 4501 795 4570 pedibusque
813 4497 837 4550 in
857 4507 949 4547 eorum
969 4491 1123 4546 sententiam
1143 4507 1210 4545 eam.

1681 4597 1682 4620 l
