3364 5092
364 328 406 393 60
678 345 874 396 consorano
898 346 1131 396 turnennmsm
1156 347 1273 395 unnim.

363 470 421 536 sim
448 470 478 536 ιιι
503 468 618 538 divinis
641 471 773 557 eloquiis
788 472 964 557 appelletur
980 472 1193 557 Evangelium,
1210 472 1263 539 lex
1279 477 1335 538 aut
1358 472 1494 539 verbnm
1516 471 1606 550 lidci,

363 575 514 655 veritatis,
538 576 755 661 poenitentiae,
779 577 908 664 gratiae,
934 579 1027 663 pacis,
1060 577 1330 657 reconciliationis,
1362 579 1454 658 ritae,
1483 578 1606 646 salutis

362 690 393 750 et
416 683 515 769 regni,
538 690 569 751 et
593 684 617 750 si
642 701 724 770 quae
748 685 833 751 hisce
857 693 932 752 sunt
954 693 1085 770 cognata
1107 685 1405 752 crotoniatarum
1431 685 1606 752 enimuero

363 790 464 875 gratia
488 791 535 856 vel
561 791 627 876 ipsa
651 791 788 858 charitas
811 799 868 869 cst,
894 792 942 858 vel
966 799 1051 858 certe
1075 809 1237 877 nunquam
1270 809 1288 858 a
1318 791 1473 858 charitate
1506 809 1605 876 sepa-

207 907 268 954 nou.
282 910 303 962 5,
318 909 339 954 ⁵-
364 907 463 963 ratur.
488 897 631 964 Charitas
653 906 758 964 autern
783 901 878 984 (quae
902 896 1105 986 diffunditur·
1128 899 1163 964 in
1195 897 1352 965 cordibus
1383 899 1511 965 nostris
1538 917 1606 984 per·

193 1012 344 1114 {offlam
362 1003 520 1089 spiritum
555 1011 722 1086 sunctum)
748 1005 838 1070 iuxta
871 1004 1044 1072 doctrinam
1069 1005 1286 1089 Apostolicam,
1307 1003 1479 1090 plenitudo
1518 1005 1606 1090 lepis

244 1100 250 1113 '
277 1102 284 1123 '
327 1102 333 1115 '
363 1120 417 1176 est.
442 1111 511 1195 Quo
535 1111 580 1190 ht,
604 1118 640 1177 ιιι
662 1111 926 1197 quemadmodum
953 1113 1003 1178 lex
1028 1112 1145 1197 scripta
1168 1119 1215 1179 est
1240 1113 1316 1198 legis
1348 1113 1472 1178 innatae
1503 1130 1604 1196 repa·

365 1218 453 1296 ratio,
478 1218 518 1284 ita
544 1218 596 1284 lex
619 1218 738 1302 gratiae
761 1236 817 1284 seu
842 1217 1005 1286 charitatis
1028 1225 1076 1284 est
1100 1217 1268 1304 utriusque
1291 1218 1522 1286 consummatio
1553 1225 1605 1284 at·

364 1341 425 1408 que
450 1323 598 1408 impletio.
623 1324 709 1390 Sicut
732 1324 814 1390 enim
841 1325 892 1390 lex
917 1325 1044 1410 scripta,
1068 1325 1111 1390 ita
1134 1342 1261 1410 quoque
1280 1325 1330 1391 lex
1356 1326 1459 1391 innata
1486 1342 1603 1410 pecca-

364 1439 430 1497 tum
454 1429 600 1508 ostendit,
624 1430 738 1497 docens
762 1430 837 1516 quid
862 1431 912 1508 sit,
936 1431 1011 1517 quid
1037 1449 1097 1497 non
1122 1431 1163 1497 sit
1186 1431 1267 1498 lacto
1301 1449 1399 1516 opus;
1423 1440 1454 1498 at
1480 1439 1604 1498 neutra

364 1537 498 1604 hominis
521 1545 666 1603 naturam
692 1544 818 1622 peccato
840 1537 971 1622 originis
986 1545 1168 1622 corruptam
1183 1539 1304 1606 sanarit
1328 1537 1516 1623 praestando
1535 1538 1602 1602 rim

362 1643 534 1710 declinandi
560 1663 579 1709 a
603 1643 685 1710 malo
708 1654 739 1710 et
771 1643 899 1710 lactendi
926 1643 1053 1710 honum.
1079 1645 1139 1710 Hoc
1163 1653 1268 1710 autern
1294 1645 1386 1711 unica
1418 1645 1469 1710 lex
1497 1645 1602 1711 Evan-

362 1750 460 1834 gelica
483 1749 648 1834 praestitit,
674 1749 702 1816 id
719 1758 766 1817 est
789 1750 890 1835 gratia
907 1749 975 1816 lesu
999 1749 1113 1816 Christi
1131 1751 1196 1816 sive
1212 1751 1349 1817 charitas
1372 1767 1429 1835 per
1444 1751 1600 1836 spiritum

363 1864 505 1924 sanctum
530 1857 561 1922 in
586 1856 734 1922 cordibus
750 1856 945 1923 credentium
963 1856 1094 1936 dillnsa;
1118 1856 1262 1924 videlicet
1282 1875 1346 1943 qua
1368 1857 1601 1924 delectabiliter

363 1980 454 2029 omne
479 1963 639 2047 impietur,
663 1963 748 2048 quod
772 1963 956 2029 terribiliter
980 1963 1107 2030 iubetur
1133 1963 1209 2048 lege,
1246 1964 1275 2029 id
1299 1963 1382 2049 quod
1413 1965 1516 2030 solum
1550 1969 1602 2030 cst

365 2058 493 2153 implere
519 2069 616 2153 legem
641 2086 745 2136 coram
772 2069 844 2146 Deo,
870 2069 923 2154 qui
949 2087 1040 2136 renes
1063 2076 1095 2136 et
1117 2069 1212 2136 corda
1235 2076 1414 2147 scrutatum
1439 2086 1554 2154 nempe
1572 2069 1598 2135 si

364 2173 521 2254 lubenter,
545 2181 698 2252 amanter,
722 2193 762 2242 ex
787 2175 902 2254 animo,
926 2183 1052 2242 etcum
1077 2175 1191 2260 gaudio
1222 2176 1251 2242 id
1284 2175 1366 2261 qrtod
1401 2177 1600 2262 praecipitur

364 2281 490 2349 efficias.
514 2281 725 2366 Quamobrem
751 2290 787 2349 ut
811 2282 862 2348 lex
887 2283 1003 2367 scripta
1027 2301 1087 2349 non
1112 2281 1222 2350 luisset
1249 2282 1366 2349 homini
1390 2283 1427 2349 ad
1460 2284 1598 2349 salutem

364 2389 551 2467 necessaria,
576 2407 678 2474 ireque
702 2389 819 2455 homini
844 2390 937 2456 etiam
961 2407 979 2454 a
1003 2389 1066 2456 Deo
1100 2388 1172 2455 data
1196 2389 1316 2468 luisset,
1348 2390 1373 2455 si
1401 2408 1502 2474 genus
1534 2390 1598 2456 hu·

365 2513 491 2562 manum
517 2504 648 2562 naturae
683 2497 781 2582 legem
816 2496 949 2582 peccatis
981 2514 1041 2562 non
1075 2513 1176 2581 usque
1208 2495 1285 2562 adeo
1315 2496 1526 2575 obscurasset,
1561 2504 1598 2562 ut

365 2601 591 2687 propemodum
616 2603 799 2680 extinctam,
817 2619 873 2686 per
898 2602 996 2687 legem
1014 2602 1161 2686 scriptam
1187 2603 1217 2668 in
1243 2601 1357 2668 tahulis
1375 2601 1503 2688 lapideis
1519 2601 1596 2668 llosi

363 2707 479 2787 datam,
503 2709 644 2794 reparari
668 2717 846 2793 oporteret;
872 2709 914 2774 ita
938 2709 1037 2775 ιιιιιιιο
1062 2710 1166 2775 minus
1189 2727 1273 2776 nunc
1290 2708 1350 2775 suh
1375 2710 1441 2794 lege
1464 2709 1597 2794 gratiae,

364 2832 428 2899 qua
459 2823 573 2882 natura
598 2815 732 2881 hominis
755 2833 773 2880 a
798 2823 924 2900 peccato
948 2822 1056 2880 sanata
1079 2823 1137 2894 est,
1161 2815 1224 2881 ulla
1255 2814 1308 2881 lex
1332 2815 1450 2900 scripta
1475 2815 1596 2881 homini

364 2920 403 2986 ad
427 2921 559 2987 salutem
580 2920 733 2999 absolute,
750 2921 933 3006 simpliciter
949 2929 981 2987 et
996 2929 1138 2987 extreme
1154 2919 1229 2987 est*
1245 2921 1430 2987 necessaria.
1447 2920 1598 2988 Ceterum

365 3026 441 3093 haec
454 3027 595 3093 fortassis
611 3028 710 3094 ardua
726 3028 825 3113 magis
840 3027 968 3107 luerint,
981 3046 1076 3113 utram
1094 3036 1130 3094 ut
1142 3027 1246 3113 quivis
1262 3045 1298 3094 ea
1313 3027 1431 3112 capiat;
1449 3008 1546 3112 igitur
1559 3045 1599 3093 ca

367 3133 461 3200 missa
477 3133 625 3200 lactentes
642 3134 721 3200 hanc
738 3133 906 3220 aliquando
922 3143 1042 3218 partem
1059 3133 1292 3200 concludamus
1311 3135 1341 3200 ln
1357 3149 1480 3201 summa
1496 3133 1600 3198 Evan-

365 3239 481 3324 gelium
506 3245 554 3306 est
578 3240 628 3306 lex
653 3241 784 3325 spiritus
802 3241 881 3306 vitae
905 3241 935 3306 in
953 3240 1077 3307 Christo
1099 3241 1177 3319 lesu,
1195 3240 1223 3306 id
1240 3248 1288 3306 est
1303 3240 1404 3324 gratia
1419 3257 1475 3306 seu
1491 3239 1599 3306 chari·

365 3355 413 3412 tas
436 3346 567 3430 spiritus
589 3347 698 3426 sancti,
724 3347 884 3413 vivificans
908 3343 976 3430 (29)
1000 3347 1136 3412 animam
1155 3364 1211 3432 per
1229 3347 1295 3413 lesu
1312 3345 1427 3412 Christi
1446 3345 1598 3412 virtutem

366 3461 397 3520 et
422 3452 579 3519 meritum.
606 3452 735 3519 Proinde
761 3453 908 3538 roagtster
936 3451 1141 3519 rodominus
1165 3459 1270 3519 noster
1288 3452 1372 3520 lesus
1395 3451 1541 3519 Christus
1565 3451 1599 3517 in

366 3567 509 3626 extrema
533 3559 673 3625 oratione
689 3559 727 3625 ad
745 3577 819 3625 suos
843 3559 949 3625 hahita
963 3558 1123 3625 doctrinae
1140 3576 1215 3624 suae
1232 3567 1344 3625 texens
1361 3555 1600 3636 dioscoridem,

367 3665 444 3732 nihil
470 3674 594 3750 praeter
619 3684 712 3731 unam
738 3666 899 3750 solamque
915 3665 1100 3731 charitatem
1117 3683 1174 3732 ceu
1197 3665 1272 3750 lepis
1295 3683 1370 3732 strae
1395 3683 1520 3750 proram
1547 3667 1600 3746 (ut

365 3773 467 3854 aiunt)
491 3780 522 3838 et
547 3773 675 3857 puppim
702 3773 847 3857 repetivit
870 3771 1036 3838 identidem
1061 3773 1229 3838 etiterum
1255 3773 1435 3857 iterumque
1460 3772 1600 3838 inculca-

367 3880 429 3958 vit;
454 3880 534 3945 hanc
558 3879 640 3945 enim
665 3879 810 3945 Christus
838 3877 955 3944 homini
981 3896 1041 3944 non
1073 3878 1164 3945 modo
1189 3877 1347 3964 praecepit
1362 3895 1398 3944 ao
1421 3877 1528 3945 docuit
1553 3877 1598 3954 (id

366 3984 449 4071 quod
475 3991 566 4051 vetus
588 4003 716 4070 quoque
742 3985 792 4051 lex
817 3983 957 4066 lecerat),
975 3984 1027 4051 sed
1044 3985 1137 4050 etiam
1154 3984 1292 4051 credenti
1313 4003 1332 4049 a
1356 3991 1445 4068 patre
1462 4001 1517 4069 per
1534 3984 1600 4068 spi·

368 4091 464 4159 ritum
489 4098 631 4158 sanctum
650 4092 840 4177 impetravit,
856 4091 983 4158 donavit
998 4099 1029 4157 et
1045 4090 1224 4176 impertitus
1239 4098 1296 4156 est.
1315 4091 1392 4157 llaec
1408 4097 1455 4158 est
1471 4107 1599 4157 srrmma

367 4197 520 4277 omnium,
544 4216 625 4282 qrrae
649 4198 794 4264 Christus
817 4198 847 4262 in
873 4197 976 4264 carnis
998 4197 1228 4282 dispensatione
1259 4197 1375 4276 docuit,
1401 4197 1472 4264 lecit
1502 4203 1599 4282 atque

369 4305 450 4383 tulit,
476 4303 624 4370 nimirum
654 4313 689 4371 ut
717 4303 917 4389 Evangelium
951 4304 1155 4370 constitueret
1183 4321 1358 4389 nouamque
1382 4302 1531 4370 conderet
1557 4303 1598 4370 le·

367 4429 449 4497 gem,
473 4411 564 4477 cuim
588 4411 688 4495 gratia
711 4409 895 4496 mysterium
921 4409 1143 4476 incarnationis
1166 4418 1347 4496 susceptum
1372 4418 1427 4477 est.

431 4544 441 4566 “
463 4545 545 4592 ‹ost›
565 4543 640 4592 deest.
