3390 5096
276 301 279 310 .
374 223 438 290 hit
690 241 887 292 conrumrm
909 243 1141 290 tornenamsm
1164 242 1281 290 nnnrcr.

204 2197 299 2294 Quorum
309 2195 353 2239 loc·

213 2249 243 2294 rt
256 2252 352 2294 retem

225 2301 344 2348 Mantino-

212 2367 259 2401 roua
272 2355 308 2399 hic
319 2365 353 2400 er·

372 385 451 446 esse,
475 383 533 434 cur
556 367 596 434 ab
613 363 706 450 (196)
727 366 905 435 huiusmodi
931 367 1045 434 fiducia
1069 373 1230 454 tantopere
1249 367 1488 447 abhorreamus,
1513 367 1615 434 modo

372 474 415 540 ita
439 473 574 540 lidautus
598 473 628 540 in
652 475 803 559 operibus
826 493 866 542 ex
890 473 991 560 gratia
1014 491 1071 542 seu
1102 474 1255 542 charitate
1282 473 1382 553 lactis,
1407 483 1444 541 ut
1465 475 1611 560 gratiam
1659 509 1660 540 l

372 579 499 659 Christi,
523 580 590 647 sine
613 599 677 665 qua
700 581 778 647 nihil
803 597 982 666 possumus,
1006 599 1067 648 nou
1092 580 1185 648 ruodo
1215 599 1277 648 nou
1301 580 1527 660 excludamus
1556 599 1612 648 νε-

373 705 445 754 rum
470 687 575 767 etiam,
592 687 694 773 primo
713 687 839 774 quidem
866 688 932 755 loco
955 705 991 755 ac
1016 687 1230 774 principaliter
1252 705 1378 754 ornnem
1403 687 1558 754 fiduciam
1580 689 1611 754 in

373 811 409 861 ea
432 793 632 872 collocemus,
657 793 795 862 secundo
825 801 931 861 autem
965 795 1032 862 loco
1063 813 1098 861 ao
1135 795 1238 862 minus
1271 795 1438 880 praecipue
1469 793 1499 860 in
1529 795 1614 880 ipsis

373 899 522 986 operibus
556 900 682 979 nostris,
713 900 977 986 quemadmodum
1014 901 1175 987 attigimus
1205 901 1265 968 suh
1288 901 1422 967 articulo
1447 908 1544 967 serto
1571 900 1613 966 de
1659 897 1660 984 f

373 1007 473 1092 gratia
495 1015 526 1073 et
550 1007 650 1074 libero
672 1007 804 1074 arbitrio
826 1007 1016 1076 disserentes
1029 1011 1053 1087 ¹,
1070 1007 1163 1094 idque
1186 1007 1332 1093 exemplo
1348 1007 1482 1092 Apostoli
1502 1007 1610 1084 Pauli,
1659 1071 1660 1080 ,

373 1113 427 1200 qui
452 1121 654 1199 posteaquam
678 1113 831 1181 adversus
855 1114 1129 1200 pseudoapostolos
1153 1113 1356 1200 apostolicam
1380 1113 1439 1180 sibi
1463 1113 1613 1180 auctori-

374 1227 468 1286 tatem
494 1219 667 1287 vindicandi
692 1219 794 1307 gratia
817 1239 913 1306 opera
936 1239 994 1288 sua
1009 1227 1293 1299 commemorasset,
1311 1221 1456 1306 protinus
1471 1219 1609 1286 adiecit:

305 1325 554 1392 Fiduciam
578 1335 688 1393 numm
712 1327 806 1393 talem
833 1325 992 1394 bohemos
1025 1347 1085 1413 per
1121 1325 1292 1394 Christum
1323 1326 1369 1392 ad
1394 1327 1511 1406 Deum,
1536 1345 1610 1392 non

304 1423 462 1522 quod
483 1431 679 1522 sufficientiae
701 1453 821 1500 sumtis
854 1435 1000 1522 eupatore
1035 1434 1166 1522 aliquid
1200 1453 1224 1500 o
1257 1433 1351 1500 nobis
1374 1441 1540 1521 uunquam
1567 1453 1611 1498 ec

373 1538 585 1626 nobisipsis,
609 1541 666 1606 sed
687 1539 888 1628 sufficientia
910 1549 1028 1609 nostro
1051 1560 1090 1607 ec
1117 1541 1179 1607 Deo
1203 1549 1258 1606 ccl.
1290 1541 1389 1626 Quem
1414 1540 1447 1606 in
1472 1539 1608 1606 modum

373 1654 420 1715 est
444 1647 550 1714 ridere
573 1647 688 1733 passim
712 1647 743 1715 iu
768 1647 866 1715 sacris
889 1647 1057 1734 utriusque
1081 1647 1255 1716 testamenti
1282 1647 1380 1726 libris,
1397 1655 1523 1714 sanctos
1548 1647 1608 1712 Dei

373 1755 517 1822 homines
540 1773 601 1821 non
626 1755 718 1822 modo
742 1755 838 1824 lidere
862 1755 893 1822 in
911 1755 1000 1823 honis
1015 1755 1164 1840 operibus
1179 1755 1256 1834 suis,
1273 1771 1383 1821 rerum
1400 1754 1494 1821 etiam
1511 1753 1608 1839 quasi

374 1861 489 1929 iudicio
512 1879 583 1928 corn
601 1861 665 1928 Deo
688 1861 886 1940 contendere,
910 1861 1057 1948 quoniam
1081 1879 1122 1928 ex
1146 1861 1269 1928 divinae
1293 1860 1444 1946 largitatis
1468 1860 1608 1946 promis-

374 1968 460 2036 sione
484 1967 573 2036 honis
597 1967 746 2053 operibus
769 1975 896 2036 aeterna
919 1985 1040 2036 merces
1062 1967 1205 2036 debetur.

463 2075 608 2142 Ceterum
633 2093 690 2142 nec
714 2075 744 2142 in
762 2075 812 2142 his
826 2075 951 2143 duobus
967 2075 1092 2161 quidem
1109 2075 1251 2142 articulis
1272 2073 1500 2160 posterioribus
1515 2071 1607 2154 est*,

374 2181 406 2248 in
430 2199 494 2266 quo
517 2181 587 2248 nori
612 2181 765 2267 dogmatis
790 2183 967 2249 inventione
990 2181 1117 2267 gloriari
1142 2182 1267 2267 possitis
1289 2181 1320 2248 in
1345 2179 1462 2248 malitia
1486 2187 1606 2247 restra.

374 2288 450 2354 Nam
468 2287 558 2373 quod
581 2287 619 2354 ad
643 2288 755 2356 missae
787 2307 880 2356 usum
911 2289 1032 2368 attinet,
1063 2306 1145 2374 quae
1167 2287 1208 2356 ab
1231 2287 1364 2356 Ecclesia
1389 2287 1468 2354 vivis
1491 2293 1524 2353 et
1547 2287 1605 2352 de

374 2393 490 2460 iunctis
512 2393 698 2480 applicatur,
723 2403 814 2462 vetus
837 2402 884 2462 est
908 2394 1046 2462 haeresis
1070 2395 1255 2462 hrianorum
1271 2403 1302 2462 el
1318 2393 1605 2478 artotyritarum².

374 2499 463 2585 Quod
490 2519 563 2568 vero
585 2500 623 2567 ad
648 2519 757 2568 curam
782 2509 981 2568 mortuorum
1005 2509 1134 2586 spectat,
1157 2501 1297 2569 haeresis
1320 2507 1368 2569 est
1390 2501 1533 2567 omnium
1552 2517 1606 2568 eo

375 2624 459 2686 rum,
475 2607 529 2693 qui
547 2607 764 2694 purgatorium
789 2626 858 2676 esse
881 2617 1005 2694 negant,
1028 2608 1067 2676 de
1089 2608 1206 2694 quibus
1221 2608 1355 2676 articulo
1371 2607 1434 2673 Vlll
1446 2607 1469 2672 ⁸.
1486 2609 1607 2692 Quam-

375 2713 483 2780 obrem
508 2722 539 2780 et
556 2713 588 2780 hi
605 2715 741 2800 proximi
760 2713 792 2746 **
816 2721 954 2801 quatuor
968 2715 1092 2782 articuli
1109 2715 1148 2783 de
1165 2715 1268 2795 missa,
1286 2715 1372 2782 velut
1394 2713 1537 2782 omnium
1556 2731 1608 2800 pe·

376 2817 590 2900 stilentissimi,
614 2822 731 2907 optimo
754 2821 824 2889 iure
848 2822 936 2889 robis
959 2823 1069 2889 obiecti
1096 2830 1179 2890 sunt.

679 3035 883 3102 auricomis
906 3035 1102 3102 vidusllltts
1126 3035 1292 3103 TERTlUS.

466 3247 540 3315 llinc
564 3267 691 3334 quoque
708 3247 787 3328 fieri,
804 3256 840 3315 ut
862 3248 996 3317 iniustae
1019 3251 1081 3318 sint
1104 3250 1297 3318 decimarum
1313 3249 1514 3335 aliorumque
1529 3266 1607 3316 cen-

208 3368 358 3470 wife?
376 3372 469 3422 suum
495 3354 791 3435 Ecclesiasticorum,
816 3356 1030 3441 collegiorum,
1051 3358 1325 3435 monasteriorum,
1342 3354 1606 3434 sacerdotiorum,

376 3459 626 3544 praebendarum
650 3467 682 3528 et
705 3461 853 3528 similium
888 3462 1040 3530 Ecclesiae
1069 3462 1263 3530 dotationum
1293 3461 1502 3541 fundationes,
1532 3463 1606 3547 qui-

375 3566 446 3646 bus,
477 3567 634 3652 hypocrisi
667 3575 698 3635 ct
728 3568 860 3635 avaritia
887 3568 1085 3636 sacerdotum
1108 3576 1140 3636 et
1175 3571 1412 3646 monachorum,
1436 3567 1607 3654 compilata

376 3682 450 3740 sunt
481 3674 654 3741 molanum
688 3675 865 3762 principum
895 3685 926 3743 et
957 3694 1124 3762 procerum
1157 3676 1293 3762 pratalia,
1326 3675 1538 3761 possessiones
1574 3683 1607 3741 et

377 3780 468 3847 hona.

440 3913 450 3932 ⁸
471 3915 553 3960 «est»
574 3914 647 3962 deest.
1290 3917 1314 3938 '⁶
1331 3914 1445 3976 proxime.

449 4173 513 4228 ¹Su
536 4189 564 4227 ra
585 4176 630 4226 lot
655 4190 696 4228 s.

449 4187 652 4334 'Areotpcituu
669 4191 754 4318 qtractio
779 4265 911 4332 quaedam
939 4267 1161 4332 llontanistarum,
1189 4281 1203 4320 a
1232 4266 1339 4336 quibus,
1367 4271 1470 4330 praeter
1499 4279 1604 4332 panem,

377 4352 455 4404 etiarn
475 4366 567 4406 caseus
587 4349 683 4421 (τυρός)
704 4354 728 4406 in
748 4367 829 4406 coena
849 4354 979 4408 dominica
999 4355 1174 4410 adhibebatur
1194 4357 1332 4424 (Epiphan.
1350 4355 1426 4408 lluer.
1446 4353 1489 4420 ib,
1508 4357 1546 4422 2).

449 4439 460 4471 ³
484 4441 539 4494 tat.
