3390 5096
528 339 658 388 reactus
680 340 887 390 concnnssus.
1260 327 1322 392 199

83 477 186 546 pares
209 479 264 532 eas
286 469 398 550 stupro
420 463 569 532 facientes
590 463 811 551 docentesque,
835 465 959 532 nullum
986 466 1113 533 omuino
1138 467 1195 533 viri
1220 485 1256 534 ac
1279 467 1323 534 ie-

83 565 197 636 miuae
229 569 431 638 concubitum
467 588 535 639 esse
563 572 743 650 honestum,
774 589 867 657 quae,
899 579 976 640 teste
1010 573 1101 651 Beda,
1132 575 1251 641 tatiani
1287 593 1323 642 ac

84 674 261 742 ltarcionis
273 675 289 708 *
305 677 465 744 haeresis¹
494 677 562 745 luit.
587 677 662 744 Nam
679 685 711 744 et
728 680 810 745 Deus
827 679 857 745 in
876 679 1019 746 Paradiso
1035 680 1161 765 nuptias
1177 681 1322 761 instituit,
1350 693 1467 792 „ciffi-9

83 789 118 848 et
145 781 296 850 Christus
318 783 349 849 in
376 783 540 870 Evangelio
563 784 779 869 comprobavit
801 792 833 852 et
855 803 913 852 sua
937 781 1114 871 praesentia
1128 804 1256 872 quoque
1272 805 1323 855 co·
1381 800 1411 846 ιο.
1425 781 1474 844 ¹·'

84 888 283 956 honestavit.
308 891 345 955 tr
370 889 503 958 Ecclesia
528 890 586 958 bac
610 890 782 958 caelibatus
804 891 1002 960 sacerdotum
1028 893 1094 978 lege
1117 911 1219 978 neque
1242 901 1324 960 vetat

84 1011 198 1079 neque
221 995 408 1063 condemnat
432 997 567 1083 nuptias,
591 1015 671 1084 quas
694 998 787 1065 etiam
815 999 909 1066 veluti
927 1007 1157 1066 sacramentum
1176 1017 1322 1086 magnum

84 1111 278 1180 veneratur,
301 1102 375 1168 colit
398 1120 434 1192 ac
457 1103 633 1189 praedicat;
650 1103 704 1170 sed
722 1112 828 1171 votum
852 1104 1086 1174 castimoniaea
1109 1106 1325 1174 sacerdotibus

84 1206 182 1273 ultro
205 1206 322 1274 iactum
347 1208 456 1293 violari
483 1209 638 1294 prohihet,
662 1227 735 1276 cum
758 1217 831 1277 ante
854 1218 961 1278 votum
995 1211 1123 1297 nuptiae
1148 1211 1208 1277 iltis
1230 1212 1324 1279 etiam

85 1311 214 1380 liberae
236 1313 378 1382 luissent.
395 1315 482 1382 Sicut
505 1315 588 1382 enim
605 1316 791 1400 coniugatus
807 1317 861 1383 uni
879 1317 1057 1401 prohibitus
1072 1325 1119 1384 est
1135 1336 1208 1384 cum
1225 1319 1324 1385 altera

86 1419 355 1499 contraheretur
379 1421 432 1506 qui
458 1427 531 1489 voto
553 1422 761 1490 continentiae
784 1441 900 1508 corpus
923 1441 1015 1490 suarm
1039 1424 1164 1492 Christo
1188 1424 1325 1502 tradidit,

86 1525 144 1590 alii
171 1526 315 1610 corporis
338 1527 386 1594 sui
411 1527 531 1614 copiam
555 1528 658 1596 lacere
681 1547 743 1596 nou
768 1537 878 1615 potest.
896 1531 1081 1615 Quanquam
1100 1548 1175 1598 vero
1198 1532 1326 1616 nuptiae

86 1631 224 1716 quidem
248 1649 347 1717 purae
371 1633 434 1700 sint
456 1652 492 1702 ac
517 1635 661 1714 mundae,
685 1635 723 1702 ad
749 1637 917 1722 puritatem
943 1642 1045 1703 umen
1071 1637 1254 1723 Evangelico
1277 1655 1326 1704 sa-

89 1737 225 1805 cerdote
240 1739 365 1824 dignam
382 1747 579 1826 comparatae
602 1741 831 1829 quodammodo
855 1743 998 1829 impurae
1021 1751 1097 1811 sunt
1115 1762 1152 1810 ac
1172 1744 1325 1823 sordidae,

89 1850 125 1910 et
142 1862 337 1932 quamquam
356 1846 505 1914 honestae
521 1847 647 1933 quidem
665 1856 750 1927 sunt,
767 1849 927 1916 honestior
944 1855 1045 1916 tamen
1062 1850 1196 1917 castitas.
1221 1851 1328 1918 Consi-

91 1949 176 2018 lium
200 1957 306 2019 autem
327 1958 385 2032 est,
402 1953 508 2021 nrinus
530 1943 698 2040 aliquando
722 1955 838 2022 bouum
861 1955 990 2022 maioris
1013 1957 1113 2041 gratia
1136 1957 1325 2042 relinquere.

187 2057 336 2126 Ceterum
362 2058 445 2144 quod
478 2060 508 2126 in
541 2061 625 2128 calce
655 2061 830 2142 annectitis,
856 2061 1098 2129 Ecclesiasticam
1124 2063 1204 2130 banc
1229 2063 1326 2148 legem

91 2163 134 2230 de
158 2163 315 2230 caelibatu
347 2164 545 2232 sacerdotum
581 2167 803 2252 Episcopornm
840 2168 960 2234 servire
994 2169 1157 2253 qivaestui;
1190 2169 1349 2253 prolecto'

94 2279 132 2336 ut
155 2270 241 2356 quod
279 2288 330 2338 res
363 2279 411 2338 est
444 2271 554 2352 fatear,
585 2273 617 2339 in
641 2273 828 2359 quibusdam
852 2273 1035 2341 Germaniae
1061 2273 1203 2359 partibus
1238 2274 1326 2360 (qrrid

93 2377 238 2442 enimin
271 2394 367 2462 regno
397 2377 513 2446 Daniae
547 2379 662 2464 agitur,
695 2397 745 2446 me
779 2380 858 2446 clam
890 2379 950 2466 est)
985 2398 1047 2446 non
1083 2379 1241 2446 modicum
1278 2381 1328 2447 hic

93 2483 236 2550 abusum
271 2501 339 2552 esse
373 2485 438 2552 scio
460 2501 583 2565 eornm,
614 2503 694 2571 quos
728 2486 849 2553 fiscales
881 2486 1102 2572 Episcoporom
1135 2486 1327 2572 appellitant,

95 2591 153 2676 qui
179 2607 222 2657 ex
247 2591 305 2657 bac
330 2591 475 2658 laudabili
497 2592 718 2659 constitutione
741 2593 830 2678 quasi
864 2592 1050 2659 vindemiam
1087 2592 1243 2677 quandam
1269 2593 1326 2660 sibi

98 2695 286 2782 turpissime
308 2696 461 2764 iaciunt'.
486 2699 585 2782 Quem
610 2699 660 2782 (ut
682 2698 722 2765 ab
757 2699 845 2765 initio
881 2699 1146 2782 protestahamur)
1172 2715 1327 2765 excusare

163 2811 174 2832 '
192 2809 318 2858 Muciani.

173 3017 182 3048 ¹
199 3018 277 3072 ‘idom
296 3019 315 3071 tt
334 3019 363 3071 δε
382 3019 446 3072 ΝοΙο
465 3020 550 3072 lamen
568 3019 700 3072 existimes
719 3032 761 3071 ute
777 3019 868 3072 sectari
883 3017 1018 3072 ltarcionis
1030 3025 1056 3071 et
1069 3018 1209 3072 llanlchaei
1222 3019 1330 3082 dogma,

94 3108 146 3174 qui
166 3108 265 3173 nuptiis
278 3109 446 3162 detraxerunt
458 3115 483 3162 et
498 3107 607 3162 Patroni
617 3108 806 3162 Encratitarum
820 3107 954 3172 principis,
966 3108 1012 3174 qoi
1026 3121 1131 3160 omnem
1145 3108 1242 3160 coitum
1257 3121 1331 3171 spur·

94 3210 162 3248 cum
181 3199 318 3250 contessus
336 3202 376 3250 est
390 3198 429 3260 (ut
443 3197 522 3250 habet
537 3198 752 3263 tlieronymus)...
765 3199 888 3250 Sanctum
902 3203 942 3248 est
955 3196 1164 3249 matrimonium:
1177 3206 1203 3248 ut
1216 3195 1331 3249 sanctius

95 3285 183 3337 multo
201 3283 327 3338 caebilem
348 3286 428 3338 vitani
448 3299 536 3352 agere.
551 3286 641 3352 Neque
661 3285 691 3338 iis
704 3283 794 3336 obviat
806 3285 878 3352 qrrod
894 3285 988 3338 Paulus
1000 3285 1064 3338 dicit
1079 3286 1101 3336 t.
1115 3285 1185 3337 Tim.
1199 3284 1223 3335 l.
1237 3285 1330 3351 (1·3)...

96 3378 166 3430 Nam
185 3379 286 3428 certam
305 3380 353 3440 est,
371 3375 480 3427 Paulum
501 3388 532 3426 eo
551 3375 600 3427 loct
623 3374 753 3426 adversus
774 3371 919 3427 Tullonium
937 3380 963 3426 et
981 3387 1044 3426 suos
1062 3373 1174 3425 asseclas
1192 3371 1330 3436 disserere,

95 3465 174 3533 qni„
194 3463 389 3516 matrimonium
409 3477 440 3514 ac
458 3463 540 3527 cibos,
553 3463 663 3528 perinde
676 3471 756 3530 atque
769 3467 861 3527 suapte
874 3471 966 3514 natura
980 3461 1146 3515 detestabiles
1162 3458 1331 3524 prohibuere,

96 3553 128 3608 id
146 3553 220 3621 duod
239 3553 325 3606 nullus
343 3566 468 3620 unquam,
481 3553 527 3620 qui
544 3553 704 3604 monasticen
725 3554 868 3618 protessus,
880 3565 914 3603 ue
926 3551 1053 3616 cogitavit
1065 3549 1183 3618 quidem,
1196 3563 1230 3602 ne
1242 3549 1329 3602 dlcam

96 3642 229 3696 docuerit
248 3641 284 3695 lle
303 3641 335 3693 iis
354 3642 457 3708 loquor,
475 3643 520 3708 qui
540 3641 606 3693 intro
625 3649 730 3693 sanctae
750 3639 877 3693 Ecclesiae
902 3653 960 3692 sese
981 3640 1168 3692 continuerunt
1187 3638 1328 3703 gremium.

99 3729 216 3783 Probent
234 3729 261 3782 id
280 3743 320 3793 ea,
338 3743 408 3796 quiae
427 3731 476 3782 bac
494 3729 528 3782 de
545 3743 602 3782 re...
615 3729 743 3795 scripsere
757 3728 899 3782 alexander
918 3727 1043 3792 llulensis,
1058 3729 1247 3788 bonaventura,
1262 3725 1332 3777 Tho-

99 3833 160 3872 uras
176 3819 293 3885 Aquinas
311 3823 337 3871 et
355 3817 435 3882 alil...,
454 3831 569 3884 qrrorum
589 3817 784 3870 lucubrationes
802 3818 900 3883 passim
921 3817 946 3870 in
966 3817 1060 3869 scholis
1079 3815 1204 3881 protritae
1223 3821 1292 3866 sont.

175 3905 284 3962 Tottbui
295 3907 336 3960 vel
349 3905 506 3960 Euorutitue
518 3905 579 3959 dirtl
593 3921 607 3959 a
623 3905 736 3960 Tuhbno
750 3907 829 3968 linter
840 3907 955 3958 Graecos
967 3904 1119 3958 doctissimo
1138 3911 1164 3958 et
1183 3905 1332 3958 nominatis·

99 3997 177 4060 simo,
196 3995 325 4063 quamdiu
347 3995 392 4048 tuit
411 3993 584 4060 Christianus)
598 4001 701 4060 praeter
720 4007 800 4059 supra
820 3994 917 4048 dictum
937 3994 1056 4046 haeresin
1075 3993 1153 4047 etiam
1167 4007 1230 4046 srvos
1245 4000 1333 4047 vetunt

100 4083 227 4139 carnibus
240 4085 321 4137 reem.
333 4083 491 4138 Exstiterunt
509 4085 577 4137 circa
589 4097 687 4136 annum
705 4083 754 4136 tta
767 4082 817 4136 suh
833 4084 866 4136 tt.
881 4081 992 4138 Aurelio
1011 4083 1168 4147 imperatore
1185 4091 1211 4135 et
1224 4081 1333 4136 Aniceto

101 4187 181 4241 papa.
201 4173 319 4226 Eundem
338 4187 456 4227 errorem
476 4171 667 4238 protltebuntur
686 4171 877 4228 Murcioairtoe
900 4173 1022 4224 haeretici
1043 4173 1139 4238 (risorie
1164 4171 1188 4224 in
1208 4187 1259 4225 sec.
1280 4171 1332 4238 t'.l.

173 4261 233 4316 ¹F.
254 4263 468 4316 bartholomaeus
486 4262 520 4316 de
539 4263 652 4328 lisingen
676 4263 781 4316 Ordinis
806 4263 979 4315 Eremitarum
1005 4264 1031 4312 S.
1050 4260 1188 4326 arrposttnt
1209 4261 1233 4312 in
1254 4258 1333 4312 Libro

101 4353 199 4418 Primo,
218 4352 278 4418 Quo
297 4351 513 4404 Recriminacioni
533 4353 675 4417 respondet
694 4351 869 4405 Culsaniertco
889 4353 968 4415 (etc...
989 4351 1045 4403 lino
1064 4352 1223 4402 Sermones:
1236 4349 1271 4400 dc
1290 4350 1335 4402 Ec·

101 4441 195 4506 clesia;
215 4441 250 4494 de
270 4439 434 4494 ltetrimonio
454 4442 626 4495 Sacerdotem
645 4447 670 4494 et
690 4443 885 4494 llonacborum.
910 4439 1036 4493 Erllordie
1064 4438 1141 4492 1633.
1162 4438 1214 4491 Fet.
1234 4437 1252 4489 F
1272 4439 1287 4490 ³
1307 4443 1332 4504 a)

102 4533 167 4584 baec
186 4527 293 4583 scribit:
318 4529 509 4597 «Quibusdam
529 4530 634 4584 ridetur
653 4531 690 4583 sic
718 4529 851 4596 expedire,
871 4535 899 4582 ut
926 4529 1000 4582 tieret
1028 4534 1135 4593 propter
1163 4525 1270 4580 vitando
1298 4533 1334 4580 tot
