3390 5096
527 331 655 380 rannus
678 299 883 381 conoesssc's.
1253 314 1314 382 183

79 473 223 522 suasum
248 455 396 522 arbitror.
420 455 496 522 Nam
521 456 546 524 si
570 473 678 524 omnes
701 455 868 524 Christiani
893 457 943 539 (ut
965 456 1080 537 dicitis)
1096 457 1139 524 ila
1153 456 1224 524 facti
1242 464 1316 524 sunt

79 561 273 630 sacerdotes
295 569 327 630 et
350 562 520 630 consecrati
545 581 602 648 per
624 561 786 648 Christum
810 563 842 630 in
865 563 1028 650 baptismo,
1053 570 1089 630 ut
1110 563 1148 630 ad
1173 563 1315 632 sacerdo-

79 669 180 736 talem
208 669 357 755 qnamvis
379 667 569 736 iunctionem
594 668 801 737 exercendam
825 668 929 737 denuo
952 670 1038 736 nulla
1057 669 1250 738 ordinatione
1267 688 1315 738 re-

79 776 185 861 liqna,
215 775 403 842 ceremoniis
425 774 618 860 quibuslibet
642 775 732 855 lacta,
748 793 829 860 opus
848 775 999 844 habeant:
1023 813 1066 824 -
1090 794 1148 843 cur
1171 776 1316 844 dominus

81 891 198 951 noster
226 883 311 951 lesus
334 881 479 950 Christus
501 882 561 966 (uli
593 899 677 950 nunc
706 890 868 949 ostensum
896 884 956 964 est)
980 884 1062 950 solos
1084 884 1244 969 Apostolos
1270 883 1316 952 di-

81 990 296 1076 scipnlosque
326 1006 411 1068 suos,
443 996 510 1056 tum
542 989 662 1074 pridem
693 989 804 1075 ntique
840 988 1020 1075 baptizatos,
1044 1008 1084 1058 ex
1111 991 1168 1057 hoc
1200 990 1316 1058 mondo

81 1098 258 1165 rediturus
280 1095 320 1164 ad
344 1102 475 1181 patrem,
500 1114 580 1164 novo
615 1096 788 1164 sacerdotio
816 1096 969 1177 instituto,
991 1097 1095 1164 denuo
1127 1096 1248 1164 tandem
1284 1097 1315 1164 in

82 1204 274 1271 sacerdotes
309 1203 511 1281 consecravit,
546 1203 666 1270 donans
701 1203 761 1271 illis
795 1221 969 1290 eorumque
1000 1204 1234 1271 successorihus
1264 1221 1316 1290 ge-

83 1311 212 1377 minam
237 1308 439 1377 sacerdotalis
468 1310 587 1376 ordinis
622 1317 816 1395 potestatem,
851 1328 962 1396 nempe
996 1309 1177 1378 conficiendi
1206 1327 1316 1377 rernm

83 1435 213 1502 corpus
236 1435 345 1495 suum,
368 1423 400 1483 et
422 1415 601 1484 absolvendi
625 1433 742 1502 corpus
765 1435 858 1485 snum
883 1417 1073 1502 mysticum?
1101 1416 1164 1484 Cur
1187 1417 1317 1502 spiritus

84 1530 224 1591 sanctus
248 1523 378 1590 Paulum
403 1529 435 1590 et
456 1523 641 1602 Barnabam,
664 1523 721 1591 etsi
745 1542 764 1590 a
787 1525 851 1591 [leo
874 1524 934 1591 iam
958 1532 1030 1591 ante
1054 1523 1084 1590 in
1101 1541 1217 1591 munus
1240 1527 1318 1609 ¹lpo-

85 1631 241 1698 stolicum
265 1630 382 1697 electos
404 1636 499 1717 atque
528 1637 664 1709 vocatos,
687 1630 792 1698 denuo
815 1627 907 1716 (153)
931 1639 1033 1698 tamen
1069 1649 1125 1717 per
1149 1631 1317 1716 prophetas

85 1747 117 1803 et
141 1737 294 1804 doctores
316 1736 523 1804 llntiochenae
548 1737 710 1817 Ecclesiae,
734 1737 788 1822 qni
814 1745 880 1805 tum
903 1737 1043 1816 aderant,
1067 1739 1097 1804 in
1122 1738 1317 1823 apostolatus

88 1844 306 1912 ministerium
337 1844 494 1930 segregari
527 1843 650 1911 volnill
683 1845 748 1912 Cur
778 1844 893 1912 Paulos
924 1844 1121 1911 Timotheum
1147 1851 1178 1910 et
1200 1845 1317 1922 Titum,

88 1952 184 2036 prius
207 1949 336 2019 indubie
359 1951 541 2036 baptizatos,
556 1950 660 2018 denuo
683 1951 713 2018 in
739 1951 905 2038 Episcopus
928 1952 993 2018 sive
1015 1950 1216 2036 presbyteros
1234 1949 1317 2017 ordi·

90 2059 202 2125 naritt
225 2057 290 2124 Cur
313 2057 448 2143 deniqne
471 2057 653 2125 Timotheus
675 2065 707 2125 et
729 2059 818 2125 Titus
840 2077 859 2124 a
882 2058 976 2125 Paulo
996 2057 1155 2136 iubentur,
1171 2057 1247 2124 alios
1262 2075 1318 2142 op

90 2164 226 2249 pidalim
250 2165 444 2232 constituere
467 2163 668 2249 presbyteros
691 2172 722 2232 et
746 2165 921 2250 Episcopus,
952 2164 1101 2231 nimirum
1125 2163 1317 2249 aliquamdiu

91 2269 280 2356 baptizatos,
304 2269 430 2357 quando
454 2271 567 2337 Paulus
590 2271 754 2338 Timotheo
782 2271 943 2356 praecipit,
967 2289 1024 2338 nec
1047 2271 1097 2339 cui
1122 2271 1183 2337 cito
1207 2287 1319 2337 manns

92 2377 259 2464 imponat?
281 2383 314 2445 ct
338 2377 427 2444 iuxta
450 2378 653 2463 apostolicam
671 2377 810 2462 Episcopi
832 2378 998 2445 formulam
1016 2385 1150 2463 oportel,
1165 2395 1237 2444 eum
1256 2394 1317 2443 non

91 2501 167 2552 esse
189 2484 395 2570 neophytum,
418 2491 451 2550 at
473 2491 629 2570 spectatae
664 2492 731 2551 tum
762 2485 922 2552 doctrinae
955 2492 1021 2552 turn
1046 2483 1218 2569 probitatis.
1242 2483 1319 2568 Quis

93 2607 173 2676 ergo
194 2607 235 2657 ex
260 2591 311 2658 bis
334 2609 396 2657 non
420 2590 514 2669 videt,
536 2591 712 2658 Christiano
745 2591 861 2657 homini
886 2599 956 2677 posl
983 2591 1184 2676 baptismum,
1208 2590 1245 2656 ad
1270 2607 1318 2657 sa-

93 2697 225 2764 cerdotii
251 2715 369 2765 munus
392 2698 451 2765 rite
474 2698 666 2776 obeundum,
691 2717 770 2765 nova
789 2697 983 2766 ordinatione
1006 2715 1086 2782 opus
1109 2703 1199 2764 esset
1223 2696 1318 2764 Porro

95 2801 178 2870 hanc
200 2802 399 2871 sacerdotum
424 2804 649 2872 ordinationem
673 2805 739 2872 sive
761 2803 1024 2871 consecrationem
1050 2822 1110 2870 non
1135 2804 1201 2871 sine
1225 2803 1319 2870 certis

95 2909 286 2993 quibusdam
311 2911 495 2978 ceremoniis
525 2929 566 2978 ex
598 2912 727 2998 spiritus
759 2912 855 2978 sancti
890 2911 1068 2996 magisterio
1100 2911 1245 2995 acceptis,
1271 2910 1319 2976 rel

97 3015 316 3101 ‚spostolorun
341 3024 482 3102 tempore
504 3016 627 3096 lacum,
651 3018 703 3084 illa
737 3018 859 3085 divinae
889 3019 1064 3103 scripturae
1089 3018 1155 3084 loca
1179 3017 1239 3083 iam
1263 3017 1320 3082 ali-

96 3123 220 3206 quoties
245 3123 376 3208 repetita
401 3125 500 3208 palam
524 3125 701 3192 ostendunt.
727 3124 802 3191 Nam
827 3125 940 3190 Paulus
968 3130 999 3190 et
1022 3123 1179 3190 Barnabas
1201 3141 1219 3190 a
1248 3140 1320 3209 pro·

98 3229 200 3312 phetis
222 3228 468 3316 doctoribusque
504 3237 571 3298 tum
606 3231 783 3298 Antiochiae
814 3230 999 3316 degentibus
1034 3231 1230 3316 impositione
1255 3249 1319 3296 ma·

97 3353 197 3402 norim
221 3335 253 3402 in
277 3337 438 3422 hposlolos
459 3337 592 3404 ordinati
617 3344 700 3404 sont.
725 3338 839 3405 Paulus
864 3338 935 3403 ilem
960 3343 1067 3423 aperte
1102 3345 1245 3417 testatur,
1269 3337 1319 3403 Ti·

99 3444 263 3510 motheum
288 3443 485 3528 impositione
510 3463 659 3511 manuum
684 3463 814 3511 suarum
850 3445 880 3510 in
907 3444 1090 3530 Episcopum
1114 3463 1131 3510 a
1155 3463 1189 3510 se
1212 3461 1319 3511 conse-

99 3557 235 3616 cratum.
259 3549 401 3636 Denique
424 3551 586 3618 Timotheo
610 3550 744 3629 mandat,
769 3569 808 3618 ne
832 3551 923 3617 simili
948 3569 1099 3617 mannum
1124 3550 1319 3635 impositione

7 3702 8 3706 ,
99 3657 159 3724 cito
181 3675 219 3724 ac
243 3664 361 3724 temere
384 3659 529 3744 quemvis
561 3659 779 3743 presbyterum
812 3658 989 3725 constituat.
1022 3658 1126 3742 Quare
1163 3657 1237 3724 nulli
1261 3657 1320 3724 du·

98 3761 184 3830 bium
208 3781 277 3830 esse
301 3770 412 3849 potest,
436 3763 543 3831 iisdem
575 3765 762 3832 ceremoniis
792 3773 913 3831 ceteros
936 3782 1063 3849 qnoque
1086 3764 1246 3848 Apostolos
1268 3781 1320 3828 or-

97 3868 220 3936 dinasse
244 3870 444 3955 preshyteros
466 3887 503 3937 ac
528 3871 702 3957 Episcopos,
728 3871 844 3938 Verum
868 3871 924 3937 elsi
950 3869 1083 3936 aliarum
1120 3869 1245 3956 quidem
1270 3887 1320 3938 ce-

99 3975 322 4055 remoniarum,
343 3976 460 4062 quihus
476 3976 567 4044 hodie
583 3977 613 4043 in
629 3977 810 4044 ordinandis
826 3975 1039 4044 sacerdotibus
1058 3975 1191 4044 Ecclesia
1208 3977 1319 4055 utitur,

98 4083 128 4150 in
153 4083 345 4168 Evangelicis
368 4084 611 4170 apostolicisque
635 4085 735 4152 literis
758 4103 914 4171 nusquam
940 4083 974 4149 lit
999 4085 1124 4160 mentio,
1150 4091 1250 4150 tamen
1268 4101 1321 4150 eas

97 4209 137 4258 er
171 4189 353 4274 hpostolicis
385 4189 614 4269 traditionibus,
649 4199 685 4257 nl
717 4192 868 4277 pleraque
891 4189 961 4268 alia,
994 4189 1255 4276 quemadmodum
1289 4190 1319 4256 in

7 4293 8 4300 ’
98 4296 200 4381 primo
223 4313 395 4382 congressu
418 4297 662 4365 monstravimus
676 4301 697 4378 ¹,
721 4298 839 4384 absque
864 4298 980 4382 scripto
1000 4297 1037 4363 ad
1059 4315 1115 4363 nos
1131 4297 1321 4381 peruenisse,

169 4529 179 4562 ¹
199 4532 284 4598 Supra
302 4532 346 4584 62.
