3384 5082
531 261 660 308 rennos
684 259 890 308 couoosssos.
1260 243 1323 307 255

81 404 202 469 maprio
229 385 422 469 simplicium
454 384 631 450 animorum
667 383 865 464 offendiculo,
893 392 925 450 at
957 385 1060 469 potius
1091 402 1163 450 eum
1200 402 1326 450 summo

81 493 183 556 lolius
210 492 335 576 populi,
362 508 418 575 pro
441 509 505 576 otro
529 491 574 569 lit,
599 490 819 557 emolumento.
847 491 961 558 Verum
994 490 1018 556 si
1051 490 1136 575 quod
1160 490 1200 556 sit
1227 490 1325 556 ehen-

77 597 246 675 diculum,
270 596 347 662 illud
373 615 433 662 noo
457 604 505 662 est
527 597 674 675 activum,
699 595 751 662 sed
777 597 947 681 passivum,
971 613 1031 662 ooo
1055 596 1175 675 datum,
1197 596 1251 662 sed
1273 614 1324 662 ac·

78 713 230 788 ceptum,
257 721 319 768 oon
346 703 542 788 pusillorum,
567 701 619 768 sed
645 703 895 791 Pharisaeorum,
921 703 949 768 id
974 702 1058 789 quod
1084 721 1138 768 ros
1163 703 1218 787 ipsi
1244 721 1261 770 e
1290 719 1324 769 re

78 809 163 874 mna
190 809 288 876 robis
313 809 441 894 propria
464 809 581 874 malitia
606 809 689 874 ultro
705 809 890 887 accersistis,
907 808 1064 894 quomodo
1080 809 1225 876 Christus
1239 809 1324 894 apud

78 916 285 982 llatthaeum
309 915 370 981 ait:
398 917 521 980 Beatos
543 923 600 993 est,
624 905 776 1002 qrihqer's
798 935 863 980 ooo
887 913 991 1001 feerit
1014 913 1157 1002 offensus
1177 935 1239 1001 per
1262 935 1322 981 me.
1342 932 1491 984 aramius.

78 1021 115 1086 Et
139 1023 270 1088 Paulus
287 1022 316 1088 io
342 1021 529 1088 Corinthiis:
556 1021 634 1100 Nos,
660 1021 771 1108 iuquit,
795 1022 1034 1106 praedicamus
1060 1019 1229 1088 Christum
1245 1041 1322 1088 eru·
1352 1039 1470 1135 nonan

77 1129 246 1210 cifiuum,
271 1125 363 1210 (229)
390 1129 524 1194 tuiioeis
548 1129 680 1216 quidem
705 1125 951 1214 otlerntteutnm,
980 1129 1118 1194 Graecis
1142 1149 1218 1195 uero
1241 1129 1323 1195 stut—
1367 1093 1402 1138 ’θ’
1417 1092 1451 1136 ”

78 1238 213 1314 titiam,
239 1237 297 1302 sed
320 1236 436 1302 iisdem
462 1235 586 1301 uocatis
612 1234 745 1300 lrldoeis
767 1235 898 1319 pariter
921 1244 948 1300 et
988 1235 1127 1302 Graecis
1152 1233 1321 1302 Christum

80 1342 143 1407 tlei
164 1343 423 1428 potentiamne
450 1342 508 1407 tlei
529 1341 740 1426 sapientiam.
765 1341 918 1425 Quocirca
943 1341 973 1419 ii,
997 1359 1078 1426 quos
1106 1343 1323 1408 excommuni-

77 1467 171 1516 casse
199 1450 304 1516 conati
330 1457 405 1515 sunt
440 1449 488 1516 isli
523 1448 729 1534 Vihergenses
760 1448 1036 1526 excommunicati,
1069 1466 1130 1514 uon
1163 1455 1248 1524 sont,
1274 1449 1320 1514 oli

79 1545 296 1640 contemptim
331 1573 386 1622 ros
416 1554 622 1621 diminutione
653 1553 786 1640 qondam
816 1572 868 1621 eos
891 1554 1064 1640 appellatis,
1089 1555 1267 1630 sacrihculi,
1291 1563 1323 1621 al

80 1663 222 1746 legitimi
248 1661 443 1738 sacerdotem
468 1680 529 1728 noo
555 1659 713 1738 indociles,
737 1671 768 1726 at
791 1661 896 1726 divina
929 1659 1119 1746 scriptura*
1143 1661 1235 1740 docti,
1260 1680 1323 1747 qua

80 1770 206 1850 {sertim
231 1788 250 1834 a
274 1767 410 1846 Christe,
434 1768 547 1852 partim
573 1767 613 1833 ah
636 1767 788 1851 hrioslolis
819 1768 1033 1852 multipliciter
1064 1767 1217 1834 adversus
1247 1769 1323 1834 haec

80 1875 169 1940 mala
197 1875 229 1940 in
254 1874 316 1940 hoe
341 1872 447 1940 mundi
473 1882 606 1940 ventura
630 1874 825 1959 praemoniti,
852 1874 974 1958 ingenio
999 1893 1059 1940 oon
1085 1873 1270 1959 praefracto,
1290 1883 1323 1940 at

81 1980 226 2047 intractu
243 1987 401 2066 perstant;
419 1999 479 2046 ooo
498 1981 527 2046 in
546 1980 726 2065 pertinacia,
739 1987 771 2045 at
788 1981 816 2046 io
836 1981 1079 2065 perseverantia,
1096 1981 1229 2047 scientes
1245 1999 1278 2046 se
1290 1979 1322 2012 **

82 2107 100 2151 a
123 2087 261 2155 domino
285 2094 392 2154 nostro
417 2087 483 2153 lesu
508 2087 632 2154 Christo
655 2095 764 2152 contra
789 2104 843 2152 vos
866 2087 1026 2171 vestrique
1050 2088 1166 2154 similes
1189 2085 1322 2172 pseudo·

83 2195 275 2279 prophetae,
292 2211 373 2278 otios
398 2193 446 2259 his
469 2192 580 2260 diehus
603 2193 756 2258 extremis
771 2192 951 2258 ohorituros
968 2193 1178 2277 praedixerat,
1195 2193 1233 2258 ad
1252 2211 1322 2277 per-

84 2301 302 2366 seuerantiam
326 2299 511 2365 exhortatos
523 2297 582 2377 ***,
600 2317 664 2384 quo
688 2300 755 2364 loco
778 2299 837 2364 ait:
858 2299 924 2381 Qui
937 2300 1194 2384 perseveraverit
1219 2317 1322 2386 usqrre
1349 2317 1423 2414 ”⁸²¹3
1437 2317 1472 2370 n,

87 2404 122 2470 in
148 2405 265 2490 fimeto,
290 2403 343 2472 lte
365 2405 480 2472 solves
503 2406 574 2471 erit.
1421 2403 1426 2414 '

185 2515 356 2593 Postremo,
379 2512 464 2598 quod
489 2521 712 2596 praetexentes
739 2530 866 2598 ortoque
903 2511 1073 2596 legitimum
1106 2513 1322 2580 excommuni-

84 2623 180 2688 candi
206 2621 348 2687 ordinem
373 2619 439 2686 sive
471 2637 651 2704 processum
685 2619 861 2696 annectitis
893 2620 950 2685 hos
980 2618 1158 2686 sacerdotes
1185 2620 1225 2686 ah
1256 2620 1323 2688 istis

85 2727 299 2812 complicihos
325 2727 435 2793 vestris
458 2744 685 2811 saepenumero
709 2727 799 2811 prius
826 2725 1010 2805 admonitos,
1035 2734 1070 2792 ut
1096 2727 1212 2794 relictis
1235 2746 1322 2794 erro·

86 2833 181 2900 rihus
206 2835 237 2898 io
263 2833 343 2898 riam
369 2831 507 2899 redirent
532 2833 688 2911 recitatis3
717 2841 780 2898 «at
804 2833 856 2898 uhi
891 2851 958 2898 sese
988 2832 1064 2898 nihil
1094 2833 1246 2919 prolicere
1279 2834 1324 2900 ri-

86 2939 219 3019 deruot,
244 2938 408 3018 monendo,
431 2940 640 3019 exhortando,
665 2941 762 3025 nitigis
786 2957 879 3026 qrram
904 2939 928 3004 si
954 2940 1059 3006 sordis
1082 2949 1262 3006 narrassent
1278 2940 1322 3006 la-

89 3047 211 3125 hulam,
238 3056 304 3113 tum
328 3045 455 3112 demum
489 3065 562 3112 usos
583 3038 775 3113 'auctoritate
807 3065 865 3112 sua
896 3047 993 3114 hose
1018 3047 1184 3113 Christiani
1216 3045 1321 3132 populi

88 3153 250 3220 consortio
273 3153 397 3231 eiectos,
422 3155 551 3219 Satanae
577 3171 673 3238 regno
695 3153 897 3238 adscripsisse
921 3170 992 3219 curo
1023 3153 1188 3219 universae
1212 3152 1321 3218 liher-

88 3261 195 3343 gensis
221 3260 373 3326 Ecclesiae
396 3255 550 3326 consensu
575 3267 606 3327 el
629 3261 849 3327 acclamatione
866 3285 903 3324 n:

181 3367 295 3446 l'rimo,
313 3374 346 3434 ut
365 3367 494 3434 idoneus
515 3367 641 3452 uiridem
658 3384 694 3433 ac
711 3366 867 3451 legitimos
883 3367 960 3432 ordo
977 3366 1017 3432 sit
1033 3375 1127 3452 alque
1146 3383 1321 3451 processus,

92 3481 196 3542 tamen
221 3474 347 3560 qoaodo
371 3493 472 3560 oeque
498 3473 585 3539 vohis
613 3474 904 3540 ercornumoieandi
934 3481 1118 3558 potestatem
1150 3492 1229 3551 esse,
1265 3491 1322 3540 nec

88 3582 280 3668 aequitatem
301 3599 413 3648 causae
432 3582 460 3646 io
479 3581 527 3646 his
542 3581 707 3646 llocoioms
731 3580 919 3658 solisistere;
937 3599 1090 3665 ‹prorsum
1111 3581 1221 3646 attinet
1236 3598 1321 3656 error,

90 3689 144 3772 qul
172 3696 304 3755 nonest
329 3689 422 3754 iudex
451 3689 619 3772 legitimus,
644 3688 673 3752 in
699 3705 823 3753 causam
850 3705 909 3752 uon
935 3689 1048 3752 lostam
1066 3685 1321 3752 excommunica-

91 3795 184 3862 tionis
209 3795 291 3861 lerre
315 3795 520 3862 seriteoliaml
545 3833 589 3842 —
611 3794 762 3872 Secuirdo
796 3801 830 3859 ut
855 3811 1020 3878 processus
1054 3793 1146 3858 rostri
1178 3791 1319 3858 ordinem

92 3900 623 3985 riarrlisperexaroioerrius,qrra1u
651 3919 704 3964 ros
734 3900 836 3966 dicitis
867 3899 1121 3976 admonitionem,
1145 3917 1205 3964 noo
1238 3899 1321 3966 salu-

93 4008 169 4073 taris
192 4007 363 4072 admonitio
387 4007 455 4084 luit,
479 4015 511 4072 al
536 4007 711 4091 periculosa
740 4006 837 4091 umgis
871 4007 1008 4083 tertiatio,
1028 4015 1103 4090 ‘rina
1130 4005 1212 4072 Deris
1246 4024 1321 4072 suos

92 4114 227 4197 probare
254 4115 360 4180 voluit.
388 4112 473 4179 Nero
499 4123 622 4198 oportet
646 4111 794 4178 dioeceses
825 4133 903 4191 csse,
936 4121 971 4177 ut
994 4112 1054 4200 qrir'
1073 4111 1208 4197 probuti
1230 4121 1319 4190 sitiit,
1345 4129 1364 4172 r.
1379 4127 1428 4226 cg.
1444 4127 1477 4178 rr.

93 4217 264 4304 rrrrtnisesti
285 4219 378 4304 ficeret.
397 4220 548 4298 leidrado,
567 4221 706 4304 iuquam,
724 4239 784 4285 ooo
812 4228 845 4285 ul
862 4219 978 4285 relictis
1001 4219 1165 4284 errorihos
1190 4219 1219 4284 io
1240 4221 1318 4284 rimo
1421 4213 1427 4225 '

153 4381 162 4398 ⁶
181 4379 276 4426 divinae
295 4379 436 4439 scriptume.

153 4461 176 4480 ⁶·
199 4473 268 4507 «aa»
288 4461 363 4508 decet.
741 4459 776 4479 '”
795 4457 946 4506 exhortatus.
