3378 5082
513 685 902 788 PRAEFATIO

139 947 343 1022 domitiorum
365 948 401 1018 iu
424 948 549 1040 negotio
571 947 726 1020 Ecclesiae
749 949 823 1020 aab
846 949 1031 1048 summatim
1050 949 1279 1041 perstringam,

545 1073 587 1144 ad
610 1072 696 1164 pium
719 1073 876 1145 lectorem.

628 1325 800 1341 mm

194 1963 335 2048 Legimus
358 1963 441 2048 apud
466 1963 592 2030 beatum
617 1965 730 2029 Lucam
756 1962 785 2028 in
811 1979 900 2029 sacra
923 1963 1070 2029 lotorum
1098 1961 1237 2040 historia,
1254 1980 1326 2029 can-

104 2067 176 2134 dide
197 2087 231 2136 ac
253 2069 425 2136 christiane
450 2071 557 2147 lector,
583 2069 701 2155 primos
733 2069 803 2136 illos
836 2067 951 2134 domini
988 2069 1086 2135 nostri
1121 2069 1187 2135 lesu
1211 2067 1326 2135 Christi

104 2175 270 2258 Apostolos,
293 2193 375 2261 quos
398 2175 429 2241 in
454 2177 513 2242 boo
536 2176 683 2260 elegerat,
708 2183 873 2242 vocaverat
895 2184 926 2241 et
949 2175 1078 2241 miserat
1095 2175 1125 2240 ln
1143 2175 1327 2242 universum

107 2282 265 2360 mundum,
290 2289 327 2348 ut
351 2281 505 2367 Evangelii
530 2299 648 2360 semen,
673 2282 774 2367 primo
797 2281 923 2367 quidem
940 2299 959 2348 a
975 2299 1008 2348 se
1025 2281 1055 2347 in
1073 2281 1183 2348 ludaea
1200 2282 1327 2360 iactum,

107 2385 247 2473 deinceps
269 2387 311 2454 ab
333 2387 379 2455 eis
402 2388 520 2474 ubique
543 2388 683 2472 gentium
710 2388 797 2454 iuxta
824 2389 1050 2473 prophetarum
1086 2388 1214 2454 oracula
1238 2406 1326 2474 spar-

109 2501 243 2576 geretur,
266 2494 362 2561 simul
386 2501 481 2579 atquae
504 2494 618 2579 spiritu
644 2502 751 2560 sancto
774 2493 812 2560 ad
838 2495 895 2560 boc
914 2493 1055 2560 muneris
1072 2495 1131 2560 rite
1146 2493 1327 2562 obeundum

112 2597 175 2682 ipso
197 2607 391 2685 pentecostes
413 2600 463 2666 die
488 2599 598 2666 imbuti
624 2599 765 2679 luissent,
791 2599 832 2666 ita
864 2601 1042 2685 linguarum
1069 2600 1218 2667 varietate
1243 2601 1326 2687 loqui

112 2706 253 2790 coepisse,
277 2714 314 2772 ut
337 2713 493 2792 quotquot
517 2705 738 2788 Hierosolymis
772 2713 838 2772 tum
871 2705 1005 2790 agebant
1037 2706 1138 2772 ludaei
1172 2707 1229 2772 uiri
1257 2707 1328 2774 reli-

109 2810 181 2894 giosi
203 2830 244 2878 ex
267 2812 353 2878 omni
380 2812 502 2878 natione
525 2829 607 2897 utrae
630 2812 691 2878 sub
714 2812 801 2878 coelo
823 2819 881 2889 est,
905 2829 959 2878 ens
981 2831 1039 2878 sua
1062 2813 1197 2898 qrrisqne
1222 2814 1328 2899 lingua

111 2915 161 2983 Dei
185 2918 336 3004 magnalia
361 2917 575 3003 praedicantes
597 2926 629 2985 et
651 2917 798 2985 audirent
820 2926 851 2984 et
875 2918 1093 3003 intelligerent.
1118 2921 1154 2984 tt
1171 2937 1245 2986 vero
1267 2938 1326 2986 non

111 3023 233 3091 minoris
256 3024 430 3091 industriae
453 3041 578 3109 semper
593 3031 688 3110 atque
706 3023 832 3091 virtutis
857 3024 997 3091 babitum
1021 3033 1069 3092 est
1093 3025 1168 3092 viris
1184 3025 1330 3110 sarienti-
1353 3037 1465 3085 mama..

111 3129 165 3196 bus
186 3138 275 3216 parta
300 3131 393 3208 tueri,
415 3147 510 3216 quant
536 3149 616 3198 nova
638 3149 802 3216 quaerere.
828 3131 901 3210 lmo,
925 3149 995 3198 mea
1018 3131 1144 3216 quidem
1166 3132 1329 3211 sententia,

113 3243 191 3304 tanto
226 3237 354 3306 maioris
389 3237 419 3303 id
455 3235 555 3304 laudis
586 3237 787 3315 censendum,
811 3244 930 3323 quanto
965 3238 1065 3304 maius
1099 3244 1147 3304 est
1184 3237 1329 3316 dedecus,

111 3349 181 3410 teste
202 3343 314 3430 Crispo
327 3345 350 3422 ¹,
375 3349 464 3429 partu
487 3343 644 3420 amittere,
668 3361 761 3428 quam
786 3343 913 3410 omnino
937 3362 996 3410 non
1030 3344 1197 3428 paravisse.
1224 3343 1329 3430 ltaque

109 3469 164 3516 non
188 3467 358 3536 possumus
383 3468 442 3516 non
467 3448 628 3526 demirari,
648 3450 853 3534 quamobrem
880 3451 964 3516 lesus
987 3449 1131 3517 Cbrislus
1149 3450 1207 3516 Ilei
1221 3450 1330 3516 virtus
1349 3463 1498 3516 coeam.

108 3569 133 3621 er
153 3558 322 3643 cupientia
346 3557 451 3638 (cuius
475 3562 559 3623 certe
594 3575 655 3622 nnn
687 3564 734 3622 est
757 3557 939 3623 abbreviata
964 3558 1086 3638 uranus)
1110 3557 1226 3623 donum
1252 3557 1327 3622 illud

108 3664 294 3750 linguarum,
309 3663 394 3749 quod
417 3663 528 3749 primis
550 3662 701 3748 Apostolis
724 3661 791 3728 suis
814 3663 945 3748 spiritus
969 3663 1065 3729 sancti
1091 3663 1240 3729 beneficio
1256 3681 1329 3730 con-

109 3771 183 3848 tulit,
206 3769 245 3838 ad
271 3769 474 3856 plantandum
499 3787 594 3836 suum
631 3771 660 3835 in
690 3769 785 3836 terris
817 3769 1028 3855 Evangelium,
1054 3781 1113 3835 non
1139 3769 1211 3835 item
1238 3770 1328 3836 lindie

108 3877 303 3964 impartiatur
328 3895 386 3962 pro
409 3876 575 3962 Evangelio
598 3893 656 3943 suo
678 3875 719 3942 ab
743 3876 871 3942 interitu
895 3875 1063 3942 asserendo
1086 3876 1175 3943 novis
1202 3876 1269 3943 istis
1290 3876 1326 3959 (si

110 3981 166 4050 lieo
190 3985 304 4070 placet)
329 3983 532 4068 Evangelistis
567 3990 598 4050 et
632 3982 795 4068 apostolis,
819 3983 965 4067 spiritum
998 3981 1125 4067 alioqui,
1158 3983 1257 4067 plenis
1280 3991 1329 4066 (ut

109 4089 204 4172 aiunt)
220 4089 329 4158 buccis
344 4089 464 4175 ubique
487 4089 700 4175 crepantibus,
725 4087 749 4154 si
774 4088 871 4174 (quod
897 4087 945 4154 isti
972 4087 1124 4170 iactitant)
1149 4089 1178 4154 in
1205 4090 1263 4156 boc
1286 4089 1329 4154 di·

109 4195 220 4263 rioilus
243 4195 344 4276 electi,
370 4195 467 4262 uocati
492 4202 525 4262 et
558 4195 643 4262 missi
680 4195 751 4272 sint,
777 4204 812 4260 ut
837 4194 1050 4280 Euangelicam
1076 4195 1237 4260 ueritatem
1269 4195 1328 4260 iam

175 4535 183 4565 ¹
204 4533 318 4600 sitast,
338 4535 400 4588 Bell.
421 4535 685 4600 tuguriunculi.
710 4533 751 4586 li.
