3384 5082
329 232 394 297 1611
739 248 983 294 ancirananron
1009 247 1137 294 noricum.

328 371 434 439 linitae
456 372 577 438 animae
595 371 679 456 regni
704 371 796 456 Cypri
814 379 1024 456 pervenerunt
1042 369 1080 437 ad
1105 387 1236 455 regnum
1262 387 1366 435 meum
1387 369 1570 436 coeleste...
1663 419 1664 464 3

328 479 385 546 Sed
409 479 484 565 quia
501 489 534 546 lu
560 479 619 545 iam
644 479 719 546 lacis
744 485 828 546 tuam
854 477 1010 564 propriam
1029 477 1263 555 voluntalem...
1281 495 1331 542 me
1346 493 1477 562 quoqne
1504 493 1570 540 ex-

329 585 433 671 pulisti
459 592 606 671 tanquam
632 587 733 651 larem
757 591 788 650 el
813 585 1006 650 latronem...
1033 585 1209 668 Propterea,
1235 583 1348 668 popule
1371 582 1477 666 Cypri,
1507 599 1572 646 an·
1663 631 1664 640 ,

329 691 439 758 nuntio
464 691 529 770 tibi,
551 691 635 777 qnod
653 691 676 757 si
703 691 841 758 nolueris
859 699 888 757 te
903 691 1105 776 corrigere...,
1123 697 1197 756 tunc
1213 707 1271 775 ego
1286 689 1568 774 generationem...

329 805 447 864 trram...
472 797 581 864 delebo
598 795 641 863 ¹...
667 798 726 864 ista
742 806 845 864 antem
863 797 1042 882 supradicta
1059 796 1153 863 verba
1171 796 1282 880 loquor
1306 794 1344 860 ad
1361 794 1572 860 Christianos

330 904 441 970 latinos
456 903 649 970 obedientiae
666 903 819 969 Romanae
837 903 988 969 Ecclesiae
1004 902 1171 981 subiectos
1187 901 1240 987 qui
1260 901 1334 968 mihi
1353 900 1383 966 in
1402 901 1570 986 baptismo

330 1017 445 1076 rectam
471 1009 562 1076 tidem
590 1011 756 1076 Romanam
780 1009 963 1076 catholicam
987 1007 1192 1087 devorerunt,
1224 1017 1256 1074 et
1280 1025 1335 1093 per
1358 1025 1452 1092 opera
1475 1007 1567 1072 inihi

328 1116 485 1183 contraria
507 1134 591 1183 ame
609 1116 743 1182 totaliter
761 1122 968 1184 recesserunt.
984 1115 1091 1182 Graeci
1113 1122 1230 1192 aarum,
1254 1117 1307 1199 qrri
1332 1115 1445 1192 sciunt,
1467 1113 1567 1198 qcrod

328 1241 436 1289 omnes
459 1223 652 1290 Christianos
676 1228 782 1288 tenere
805 1229 929 1307 oportet
952 1239 1045 1288 tinam
1071 1229 1192 1287 lantum
1218 1221 1309 1287 hdem
1347 1221 1566 1286 Christianam

329 1329 512 1396 catholicam
537 1338 567 1395 et
591 1329 645 1395 uni
672 1329 886 1396 tantummodo
909 1328 1037 1394 subesse
1063 1327 1223 1406 Ecclesiae,
1248 1327 1365 1394 scilicet
1389 1327 1567 1404 Romanae,

330 1453 493 1520 unumque
517 1436 618 1501 solnm
644 1435 794 1501 vicarium
820 1451 923 1501 meum
947 1434 1123 1519 generalem
1141 1434 1171 1500 in
1190 1432 1317 1512 mundo,
1338 1433 1479 1500 videlicet
1497 1433 1566 1498 Ro

331 1559 458 1608 manum
483 1559 642 1608 snmmnm
667 1541 1019 1626 pontificemsuprase
1039 1541 1233 1626 spiritualem
1251 1541 1368 1608 hahere
1385 1547 1564 1624 pastorem,

330 1655 487 1716 ettamen
512 1649 624 1714 nolunt
646 1665 679 1714 se
703 1647 802 1714 eidem
828 1647 979 1714 Ecclesiae
1003 1647 1158 1713 Romanae
1181 1653 1212 1714 et
1229 1645 1346 1712 vicario
1371 1664 1438 1712 meo
1462 1647 1565 1730 spiri·

331 1753 457 1820 tualiter
481 1753 636 1820 subiicere
659 1761 690 1820 et
715 1753 877 1819 humiliter
894 1753 1065 1837 subiugare
1091 1761 1218 1838 propter
1235 1769 1345 1818 eornm
1364 1751 1563 1837 pertinacem

329 1858 509 1944 superbiam
534 1868 565 1926 et
583 1859 927 1945 proptercupiditatem
944 1867 975 1924 et
991 1867 1118 1944 propter
1134 1859 1238 1925 carnis
1259 1858 1473 1944 petulantiam,
1489 1858 1565 1924 sive
1663 1921 1664 1928 ,

224 1982 229 1990 ·
330 1973 459 2052 propter
483 1965 599 2051 aliquid
624 1965 719 2044 aliud,
743 1965 826 2050 orrml
850 1965 888 2031 ad
914 1965 1065 2031 mnndum
1082 1965 1227 2049 pertinet,
1245 1964 1359 2050 indigni
1377 1972 1461 2041 sunt,
1485 1973 1565 2049 post

330 2079 462 2138 mortem
496 2073 616 2138 veniam
649 2090 668 2137 a
703 2089 751 2138 me
785 2078 815 2138 et
847 2071 1090 2138 misericordiam
1121 2071 1294 2138 obtinere...
1327 2071 1431 2138 Sciant
1461 2070 1562 2136 ctiam

330 2176 449 2256 Graeci,
474 2177 557 2264 qnod
582 2196 691 2244 eorum
716 2177 883 2263 imperium
901 2187 931 2244 el
956 2195 1051 2262 regna
1074 2178 1139 2244 sive
1155 2177 1291 2244 dominia
1307 2195 1468 2263 nunquam
1493 2185 1563 2244 sta-
1663 2215 1664 2256 r

331 2281 409 2349 hom
433 2301 587 2360 secura...
612 2283 664 2348 sed
690 2283 822 2350 inimicis
846 2284 911 2350 suis
927 2301 1050 2367 semper
1066 2283 1196 2350 subiecti
1221 2292 1359 2362 erunt...
1382 2283 1560 2368 donecipsi
1663 2267 1664 2286 ¹

330 2407 402 2455 cum
428 2406 501 2455 vera
528 2389 702 2456 humilitate
725 2400 756 2455 el
780 2389 932 2456 charitate
957 2390 1108 2456 Ecclesiae
1124 2397 1156 2456 et
1181 2389 1249 2456 hdei
1269 2391 1422 2458 Romanae
1445 2407 1478 2456 se
1499 2389 1561 2456 de·

330 2502 400 2561 vote
424 2493 625 2574 subiecerint,
649 2495 787 2562 eiusdem
813 2495 964 2563 Ecclesiae
980 2495 1077 2561 sacris
1093 2495 1368 2562 constitutionibus
1388 2505 1418 2562 et
1443 2495 1562 2562 ritihus

330 2618 363 2667 se
387 2601 523 2667 totaliter
546 2600 831 2668 conlormando...»

418 2705 518 2796 Capul
540 2705 674 2776 XXXIII.
697 2705 773 2776 libri
796 2707 848 2776 tv.
874 2709 1098 2776 revelationum
1122 2709 1185 2794 agit
1200 2708 1239 2775 de
1254 2708 1349 2776 lleblli
1364 2716 1450 2776 statu
1468 2708 1562 2775 urbis
1663 2695 1664 2726 ³

331 2814 443 2880 Romae
466 2815 593 2881 absente
610 2823 640 2881 et
656 2815 805 2882 exulante
823 2833 911 2900 papa,
927 2834 1020 2902 quem
1038 2815 1097 2882 hac
1111 2814 1151 2882 de
1168 2831 1202 2881 re
1217 2821 1323 2881 sauma
1339 2815 1470 2900 Birgitta
1492 2833 1561 2882 cer·-

331 2919 440 2986 tiorem
455 2920 521 2987 heri
535 2921 630 3006 cupit.
650 2922 802 2988 lateralia
820 2922 896 2988 haec
913 2922 1068 2988 habentor
1080 2921 1117 2987 ad
1136 2939 1201 2988 rem
1214 2927 1352 2988 nostram
1370 2922 1559 3006 spectantia:

351 3114 354 3122 .
425 3052 440 3084 α
457 3027 666 3112 spiritualiter
683 3046 757 3094 vero
773 3028 881 3095 inlelix
898 3037 945 3094 est
961 3027 1038 3094 acts
1054 3025 1121 3106 ista,
1138 3027 1213 3113 prtia
1228 3028 1345 3094 multae
1361 3028 1560 3095 constitutio-

331 3150 396 3211 nes,
413 3151 492 3218 quas
508 3133 605 3200 sancti
631 3152 727 3219 papae
751 3153 792 3200 ex
817 3132 971 3200 inlusione
987 3134 1117 3219 spiritns
1139 3133 1236 3200 sancti
1261 3133 1299 3200 ad
1313 3133 1366 3200 Ilei
1385 3133 1508 3201 landem
1525 3141 1561 3200 et

330 3239 505 3306 animarum
523 3239 655 3305 salutem
682 3240 711 3305 in
738 3239 870 3306 Ecclesia
886 3247 1075 3318 statucrnnt,
1094 3241 1152 3306 iam
1174 3239 1294 3307 deletae
1310 3248 1394 3306 sunl.
1413 3239 1471 3306 Pro
1486 3240 1560 3325 qui·
1663 3311 1664 3320 ,

331 3344 401 3422 bus,
416 3345 494 3428 proh
511 3345 611 3422 dolor,
629 3346 744 3412 multae
761 3363 858 3412 novae
874 3346 1040 3412 abusiones
1055 3365 1095 3414 ex
1114 3346 1237 3432 maligni
1256 3346 1386 3430 spiritus
1403 3345 1560 3414 inlusione

331 3449 369 3516 ad
395 3449 447 3517 Dei
474 3451 708 3518 irreverentiam
732 3461 764 3519 et
786 3453 963 3518 animarum
988 3453 1192 3537 perditionem
1217 3461 1291 3520 sum
1313 3461 1541 3537 assumptae».

421 3557 535 3624 Deinde
559 3558 663 3642 agitur
686 3557 725 3626 de
750 3558 922 3625 redditibus
940 3557 1090 3626 Ecclesiae
1115 3559 1143 3624 in
1171 3559 1263 3624 laicos
1278 3558 1408 3637 collatis,
1432 3557 1471 3626 de
1495 3559 1559 3626 lae

331 3661 417 3728 sione
441 3662 621 3741 caelibatus,
645 3664 684 3729 de
716 3664 897 3749 regularum
931 3664 960 3729 in
998 3663 1193 3730 monasteriis
1229 3663 1486 3749 transgressione,
1518 3663 1558 3730 de

332 3767 476 3852 neglectu
502 3769 694 3852 praesentiae
726 3771 755 3836 in
788 3771 895 3848 choro,
920 3770 958 3835 de
991 3768 1127 3847 libidine,
1152 3769 1292 3847 luxuria,
1317 3768 1409 3847 tastu,
1440 3769 1559 3838 divitiis

333 3874 571 3952 monachornm,
594 3875 632 3941 de
658 3877 769 3943 violata
793 3877 949 3954 clausura,
972 3875 1011 3943 de
1034 3877 1212 3961 acceptione
1235 3875 1386 3960 pecuniae
1403 3893 1460 3960 pro
1483 3893 1558 3942 con-
1663 3891 1664 3904 *

332 3977 463 4046 lessione
486 3981 650 4060 audienda,
673 3982 712 4049 de
735 3983 922 4066 contemptis
948 3983 1097 4049 Ecclesiae
1121 3982 1295 4067 praeceptis
1310 3981 1412 4067 quoad
1437 3981 1557 4049 conles

332 4141 597 4151 u—-a—

403 4245 412 4276 ¹
432 4247 507 4300 huno
530 4247 594 4302 1110
615 4263 628 4301 a
649 4250 741 4302 Turris
759 4257 852 4314 ceptus
870 4258 909 4302 est
921 4263 965 4302 rex
980 4251 1054 4302 lanus
1066 4263 1126 4302 cum
1141 4250 1239 4310 10000
1252 4258 1361 4302 suorum
1374 4246 1557 4312 subditorum

331 4341 357 4387 et
375 4349 443 4389 enno
467 4336 527 4388 t57l
551 4337 631 4390 iidem
646 4339 747 4392 'luccae
761 4345 839 4392 totum
854 4339 964 4391 insolam
979 4337 1099 4407 Cyprum
1119 4337 1168 4390 slhi
1181 4335 1359 4391 subiecerunt.
1377 4335 1557 4403 Brinlrmonn,
1582 4393 1586 4400 ,

332 4424 387 4476 lien
408 4427 433 4478 h.
453 4426 566 4491 Birgitta.
586 4427 646 4480 335.
