3364 5092
216 1103 340 1168 munias

369 221 431 286 tta
681 235 876 285 coururxrro
899 235 1132 284 curusnmsrsur
1154 235 1272 283 oxxrcr.

365 379 438 429 rum
461 368 602 429 asserant
625 379 692 428 sese
711 361 827 440 dolere,
844 378 984 447 unquam
1009 361 1079 428 honi
1104 361 1273 446 quicquam
1297 379 1315 426 a
1336 378 1370 428 se
1386 356 1456 444 (86)
1474 359 1616 426 lactum

364 487 443 547 esse,
466 476 498 537 et
521 468 656 536 vicissim
680 484 776 553 opera
797 485 856 534 sua
879 467 960 534 hona
983 484 1039 552 per
1063 473 1276 553 contemptum
1294 465 1325 532 in
1348 467 1553 552 symposiis¹
1575 484 1615 532 re

365 575 514 643 vilissima
546 591 674 660 quaque
707 573 910 654 divenditent,
945 579 1040 660 atque
1073 573 1308 640 concionatores
1344 573 1392 640 rel
1424 573 1541 640 tecte²
1570 589 1613 638 ac

364 683 491 768 ohlique
514 679 553 748 ad
576 681 730 748 honorum
754 681 960 748 exhortantes
976 680 1127 759 studium,
1144 698 1256 766 nernpe
1271 680 1320 747 rel
1337 679 1398 747 suh
1419 681 1612 746 imitatione

363 788 479 857 Christi
504 789 552 856 vel
577 788 637 855 suh
660 788 765 854 carnis
788 787 1027 855 mortificatione
1052 788 1100 854 vel
1123 787 1236 873 quovis
1259 787 1356 854 seculi
1374 787 1466 856 modo
1483 805 1502 854 e
1521 806 1611 872 sug-

363 902 461 984 gesto,
496 895 673 963 vernaculis
707 893 904 962 cantionibus
934 893 1111 962 exsibilent.
1143 895 1212 978 Quo
1244 894 1367 960 tandem
1400 895 1508 962 seculo
1543 903 1610 960 aut

364 1022 428 1091 qua
450 1003 481 1070 in
505 1010 597 1088 geute
619 1001 659 1068 ah
692 1001 769 1068 orhe
803 1000 928 1068 condito
961 1000 1068 1066 audita
1101 1008 1149 1067 est
1173 1008 1235 1068 tam
1260 1000 1396 1067 harhara
1423 1001 1608 1086 impietas?

364 1109 446 1177 Nihil
469 1127 549 1194 opus
572 1117 640 1175 erat
663 1109 713 1175 his
735 1108 888 1174 extremis
911 1106 1032 1184 diehus,
1056 1107 1173 1193 quihus
1207 1106 1274 1176 lore
1297 1107 1442 1174 Christus
1466 1107 1607 1192 praedi-

364 1223 467 1294 xerat,
491 1222 527 1282 ut
551 1215 768 1300 refrigesceret
791 1213 939 1292 charitas,
964 1221 995 1280 et
1017 1213 1193 1281 abundaret
1209 1213 1368 1301 iniquitas,
1383 1214 1502 1300 populo
1522 1214 1606 1299 plus

364 1323 439 1390 satis
461 1322 500 1388 ad
524 1321 605 1388 hona
627 1339 723 1407 opera
748 1321 946 1406 torpescenti,
971 1320 1114 1406 frigidam
1138 1323 1189 1403 (ut
1211 1321 1313 1404 aiunt)
1333 1339 1448 1407 aquam
1466 1321 1604 1387 sultun-

363 1429 447 1498 dere.
472 1428 553 1515 Quin
578 1428 683 1514 potius
706 1445 829 1512 semper
853 1435 883 1493 et
907 1427 1025 1512 uhique
1048 1445 1144 1512 opera
1160 1427 1241 1494 huna
1257 1429 1305 1494 rel
1321 1428 1401 1494 citra
1415 1427 1604 1494 distinctio

364 1555 434 1603 nem
457 1541 548 1603 erant
572 1533 765 1612 inculcanda,
789 1533 915 1620 quando
938 1534 1061 1600 nullum
1084 1553 1165 1619 opus
1187 1552 1316 1622 quoquo
1341 1533 1433 1602 modo
1457 1535 1600 1610 honum,

362 1643 408 1710 uti
433 1642 637 1720 ostendimus,
654 1641 764 1708 inutile
780 1641 820 1707 sit
836 1646 867 1706 et
884 1659 1010 1719 vanum,
1027 1641 1069 1707 ita
1086 1649 1121 1706 ut
1137 1659 1198 1707 non
1217 1639 1307 1708 modo
1332 1641 1414 1708 Deus
1430 1641 1601 1727 respiciat,

363 1749 416 1818 sed
440 1750 545 1835 aliquo
568 1748 661 1816 ctiam
687 1748 825 1833 praemio
848 1746 1004 1833 dignetur.
1030 1747 1091 1813 lloc
1114 1755 1218 1814 autern
1246 1747 1389 1826 Ecclesia,
1406 1765 1464 1814 ceu
1487 1757 1598 1814 mater

362 1857 500 1923 filiorum
524 1873 655 1922 suorum
680 1871 789 1921 curam
813 1853 937 1920 assidue
961 1871 1083 1938 gerens,
1100 1871 1195 1939 quam
1220 1853 1455 1940 diligentissime
1478 1855 1600 1922 ohser-

355 1971 424 2044 ¹vat,
448 1971 558 2049 utpote
581 1961 670 2028 nohis
693 1961 724 2028 in
750 1961 810 2028 hdc
834 1960 925 2039 natis,
948 1961 1088 2027 educatis
1111 1969 1141 2028 et
1166 1961 1326 2040 institutis,
1350 1961 1416 2028 lere
1432 1979 1490 2046 per
1513 1961 1595 2027 anni

361 2070 516 2137 circulum
540 2069 570 2134 in
596 2067 768 2153 Evangeliis
790 2073 822 2134 et
847 2067 989 2152 Epistolis
1014 2085 1118 2134 mores
1141 2069 1318 2135 Christiana
1343 2067 1404 2133 rita
1426 2066 1542 2152 dignos
1560 2077 1596 2133 et

360 2195 456 2262 opera
478 2176 560 2243 hona
585 2193 779 2261 proponens;
802 2183 858 2240 aut
881 2175 905 2240 si
930 2173 1056 2260 quando
1079 2175 1119 2242 sit
1142 2176 1172 2241 in
1199 2175 1363 2260 Evangelio
1394 2174 1463 2242 hdei
1502 2193 1594 2243 com-

361 2282 528 2360 mendatio,
552 2290 627 2348 tunc
651 2283 682 2348 in
708 2281 842 2368 Epistola
865 2280 1053 2367 plerumque
1085 2282 1211 2348 moralis
1247 2282 1333 2348 locus
1356 2289 1523 2360 tractatur,
1550 2299 1594 2347 ne

363 2389 433 2456 fidei
458 2395 626 2474 praetextu
650 2406 741 2455 ansas
764 2387 899 2455 desidiae
922 2396 1110 2473 quaerentes
1125 2407 1144 2454 a
1159 2388 1263 2455 studio
1280 2388 1434 2455 honorum
1450 2405 1593 2473 operum

361 2503 584 2582 torpescamus.
609 2494 698 2579 Quod
721 2495 745 2561 si
770 2494 895 2581 quando
918 2495 983 2572 liat,
1008 2513 1062 2562 vos
1084 2495 1237 2562 destinata
1254 2495 1370 2561 malitia
1386 2494 1592 2580 supprimen-

361 2611 408 2670 tes
432 2603 598 2688 Epistolam
633 2608 754 2668 tanturn
789 2601 988 2686 Evangelium
1023 2619 1199 2686 proponere
1234 2601 1348 2668 soletis.
1382 2601 1488 2687 ltaque
1512 2619 1590 2668 cum

360 2708 439 2776 duos
463 2709 538 2776 istos
560 2708 598 2776 de
622 2708 682 2774 hde
706 2717 736 2774 et
759 2707 909 2793 operibus
931 2708 1080 2774 articulos
1103 2707 1182 2774 citra
1205 2725 1329 2774 ornnem
1352 2707 1435 2786 lidei,
1450 2725 1590 2792 operum

361 2823 393 2883 ct
414 2815 643 2882 iustificationis
665 2815 894 2883 distinctionem
921 2817 1018 2894 (certe
1041 2815 1124 2902 quod
1154 2814 1259 2900 negari
1285 2833 1346 2881 non
1371 2817 1486 2899 potest)
1511 2831 1587 2882 cum

361 2922 501 2989 maximo
523 2922 718 2990 Christianae
742 2921 841 3007 plehis
863 2920 1050 2988 ollandiculo
1074 2920 1255 2987 iamdudum
1278 2921 1472 3006 praedicetis
1489 2929 1588 3008 atque

192 3037 342 3096 liternum·-
361 3029 399 3114 (si
424 3029 609 3113 llieronymo
632 3029 803 3112 credimus)
828 3045 869 3094 ex
893 3028 998 3094 rerhis
1022 3027 1196 3094 inordinate
1221 3028 1349 3113 prolatis
1371 3028 1495 3094 oriatur
1512 3029 1589 3096 hae·

213 3572 328 3673 tata:

217 3681 326 3727 rstertbm

200 3745 260 3780 error
269 3735 304 3779 hic
313 3733 341 3778 alt

360 3136 449 3216 resiS,
473 3153 576 3202 nonne
600 3136 648 3202 vel
671 3136 790 3221 optimo
813 3136 883 3202 iure
907 3135 938 3200 hi
963 3153 1090 3220 qrroque
1113 3135 1176 3200 duo
1200 3135 1322 3201 articuli
1350 3142 1498 3220 tanquam
1523 3155 1587 3202 non

360 3243 461 3310 solum
486 3241 633 3308 haeretici
658 3242 806 3321 maxime,
830 3242 883 3310 sed
908 3241 1000 3308 etiam
1036 3243 1175 3308 omnium
1210 3242 1364 3309 scelerum
1388 3259 1424 3308 ac
1452 3241 1589 3328 flagitio·

360 3366 432 3415 rum
456 3348 608 3415 uherrimi
634 3348 734 3415 tontes
756 3348 867 3415 obiecti
893 3349 1006 3415 lueret

449 3455 565 3522 Verum
590 3472 693 3540 neque
718 3455 768 3522 hic
791 3461 848 3534 est,
871 3454 956 3541 quod
980 3455 1011 3520 in
1036 3455 1153 3521 malitia
1178 3461 1281 3521 restra
1303 3455 1498 3540 gloriemini;
1524 3475 1587 3522 non

359 3561 442 3629 enirn
466 3578 581 3627 novum
599 3568 631 3628 et
647 3569 787 3628 vestrum
805 3567 852 3628 est
868 3560 951 3628 istud
974 3561 1013 3628 de
1036 3561 1102 3628 sola
1125 3559 1186 3628 fide
1202 3567 1424 3640 commentum,
1440 3562 1519 3647 quin
1536 3581 1587 3630 er-

359 3685 414 3734 ror
438 3667 668 3736 vetustissimus
690 3668 889 3754 quorundam
914 3667 1246 3754 pseudoapostolorum
1272 3667 1449 3735 viventibus
1476 3669 1587 3736 etiam·

204 3789 336 3844 rmmpu.
358 3792 435 3841 num
460 3773 611 3860 hpostolis
641 3793 658 3842 e
681 3775 869 3861 quibusdam
902 3775 1045 3842 ohscuris
1068 3771 1137 3858 (87)
1167 3783 1199 3841 et
1229 3773 1410 3842 difficilibus
1439 3775 1586 3860 epistola-

430 4077 440 4108 ¹
460 4077 541 4133 lletlr.
559 4079 580 4130 T
601 4077 651 4132 8¹³:
673 4079 698 4132 Si
719 4085 785 4132 totas
804 4085 894 4132 noctes
912 4085 991 4147 otqoe
1010 4079 1067 4132 dies
1085 4079 1228 4149 symposit'r
1247 4080 1405 4134 vacandum.

430 4165 441 4198 ²
465 4167 575 4234 «recu,
594 4167 712 4224 octies,
737 4169 851 4222 occurrit
870 4183 915 4234 pp.
936 4169 1007 4234 (toa.
1029 4169 1087 4220 lta.
1110 4170 1169 4222 lli.
1189 4171 1248 4222 tte.
1269 4171 1329 4222 tta.
1351 4169 1409 4223 lsi.
1425 4172 1496 4238 teo).
1514 4169 1586 4226 «Ad

358 4254 438 4310 uto»
460 4257 593 4320 religionis
611 4271 691 4322 supra
710 4258 754 4309 30.
772 4257 810 4310 Cl.
829 4257 902 4311 Mon.
922 4258 941 4310 h
963 4259 993 4308 3:
1013 4257 1202 4312 promissiones
1221 4266 1426 4326 praecesserant,
1446 4261 1526 4313 modo
1539 4260 1585 4314 ob·

358 4345 470 4409 scorius,
488 4344 614 4413 cletitius,
634 4345 736 4413 tectius,
758 4345 838 4399 modo
857 4346 1020 4410 explanatius
1044 4353 1070 4400 et
1094 4348 1257 4400 luculentius.
1276 4351 1305 4402 Et
1323 4348 1342 4402 C
1362 4347 1415 4402 ib:
1435 4347 1584 4406 Additiores

359 4433 504 4500 scripturae
522 4436 603 4488 locos.
