3378 5082
277 343 387 390 ausvis
409 342 606 392 consuamus
631 343 722 390 virne
745 342 872 390 naccum
896 341 1082 390 nanuonnm.
1253 325 1292 390 17

86 467 179 544 iuquit,
221 466 353 544 -geuuit
391 462 599 528 humbertum.
636 462 817 527 humbertus
853 471 954 527 autern
989 465 1094 544 geuualt
1128 463 1294 543 Brunphel·

84 573 173 634 tium·
197 572 279 634 etc.¹

150 678 224 741 Satis
244 679 339 757 igitur
359 678 549 757 disputatum
571 693 638 740 csse
659 683 813 757 pariamus,
835 685 867 740 nt
888 679 955 739 siue
976 693 1079 739 errore
1103 678 1162 739 hoc
1177 677 1289 740 lactum

81 785 244 847 historicum
267 801 406 848 asserere
428 786 597 864 possimus:
618 784 758 846 hlinorita
782 783 925 846 Nicotaus
946 782 1071 860 Ferher,
1092 783 1240 846 oriundus
1254 799 1293 847 cx

81 891 145 954 urhe
166 890 313 967 llerhorn‚
336 890 417 954 unde
440 890 531 968 uulgo
553 891 653 953 dictus
674 897 719 952 est
740 890 885 953 Nicotaus
906 890 1054 963 liesborn,
1076 890 1209 953 comitiis
1228 891 1293 954 Hal·

80 999 221 1061 aiensibus
236 1017 253 1061 a
268 1002 297 1060 Ξ.
314 997 380 1060 tuln
397 999 434 1061 ad
450 1000 479 1059 2.
494 999 619 1074 angusti
642 1002 722 1062 1550
744 999 773 1060 in
800 998 920 1076 rnepotio
942 997 1098 1075 religionis
1120 996 1231 1059 trahitis
1253 997 1294 1059 iu·

80 1105 168 1168 teriuit
189 1114 217 1168 ot
239 1106 277 1166 iis
299 1105 392 1166 linitis
414 1105 555 1167 harhusii
571 1104 593 1182 ¹,
615 1111 648 1167 ut
671 1104 801 1179 videtur,
816 1103 1056 1168 contutationem
1079 1119 1172 1183 saepe
1193 1103 1294 1167 landa·

81 1219 131 1274 tam
150 1212 342 1292 conscripsit.

248 1429 271 1508 ς
293 1424 324 1490 ιι
348 1421 456 1494 Breuis
478 1422 657 1514 conspectus
679 1422 766 1494 vilan
788 1421 907 1494 llicolai
929 1420 1110 1493 Harboruci.
1217 1451 1220 1458 ¹

146 1634 239 1698 Natus
252 1635 337 1698 circa
353 1649 465 1698 anuum
482 1637 560 1698 ntae
575 1635 605 1697 iu
621 1635 697 1698 urhe
712 1635 849 1698 llerhorn
865 1635 1041 1709 Nassoviae,
1056 1635 1189 1715 primum
1205 1634 1293 1698 nohis

80 1743 200 1804 occurrit
222 1749 256 1804 ut
277 1741 472 1805 Guardiauus
486 1741 695 1806 Minoritarnm
712 1743 985 1822 llarpurgensium.
1000 1742 1046 1803 Ex
1069 1742 1127 1804 hoc
1148 1758 1204 1804 suo
1225 1759 1295 1805 con-

81 1856 159 1910 ventu
179 1848 395 1926 Landgrahum
417 1865 507 1911 snum
530 1829 705 1928 Philippum
728 1848 824 1911 literis
845 1853 892 1910 10.
914 1848 975 1912 lau.
991 1851 1069 1910 1515
1090 1848 1169 1912 datis
1186 1850 1294 1910 instan-

79 1960 117 2015 ter
136 1957 248 2018 monuit
269 1961 301 2017 et
322 1955 450 2032 rogavit,
473 1961 506 2017 ut
526 1956 676 2018 maiorum
709 1970 833 2018 suornm
864 1956 989 2032 uestigia
1021 1971 1162 2034 premens
1193 1971 1291 2017 cnem-

79 2059 212 2140 plumque
233 2061 385 2140 imprimis
405 2069 530 2124 sanctae
551 2061 746 2125 Elisabethac
767 2077 899 2142 sequeus
920 2062 1001 2124 omini
1025 2062 1187 2124 nonmioue
1208 2077 1294 2141 sepo

79 2167 128 2228 sita
147 2175 282 2231 mucmm
305 2166 397 2230 tidem
418 2167 601 2232 catholicam
625 2176 655 2231 et
676 2169 821 2231 retineret
841 2174 871 2231 et
903 2168 1088 2231 detenderet.
1110 2165 1168 2231 Sed
1191 2168 1292 2230 oleum

78 2280 103 2335 ct
121 2289 240 2353 operam
263 2273 406 2354 perdidit.
427 2275 504 2338 Nam
528 2274 651 2337 inheute
672 2275 854 2352 Landgratio
869 2279 917 2338 11.
933 2275 1083 2338 Kalendas
1105 2273 1294 2338 Novembres

77 2382 129 2456 (n.
150 2380 226 2460 Oct)
248 2389 278 2444 et
298 2381 498 2461 mouentibus
519 2381 628 2445 dichus
651 2383 730 2444 1526
744 2381 968 2459 Homhergiana
985 2381 1149 2445 llcsscrum
1169 2382 1294 2457 congro

76 2487 148 2565 patio
168 2487 273 2551 hahita
295 2495 351 2561 est,
373 2487 403 2549 iu
425 2505 485 2568 qiua
508 2479 646 2568 apostata
668 2489 785 2550 ordinis
812 2488 962 2551 Minornm
994 2489 1176 2552 l'rauciscus
1205 2490 1294 2549 ham·

77 2591 145 2656 herti
166 2594 386 2658 avenionensis
412 2594 598 2658 :Parodana
614 2621 641 2668 ι,
664 2611 744 2676 quae
766 2594 905 2668 vocabat,
926 2611 980 2658 sua
1013 2595 1171 2657 doctrinae
1200 2602 1229 2658 ct
1250 2593 1293 2655 di·

74 2699 211 2779 scipliuac
223 2701 380 2764 Ecclesiae
394 2702 535 2782 opposita
549 2717 587 2764 ex
601 2717 688 2764 sacra
705 2703 857 2781 scriptura
873 2709 1002 2764 conatus
1016 2709 1060 2764 est
1072 2702 1291 2763 demonstrare.

75 2805 116 2868 nd
135 2807 260 2870 eandem
282 2807 549 2888 congregationem
577 2824 648 2871 oum
674 2808 741 2871 «ad
764 2807 1009 2880 consultandum,
1035 2823 1094 2869 uon
1124 2807 1161 2868 ad
1190 2806 1294 2886 dispu-

75 2913 219 2976 tandum·
247 2915 313 2994 ipse
335 2915 426 2978 etiam
448 2913 641 2977 Guardianus
661 2914 889 2995 Marpurgcusis
902 2915 1070 2978 accersitus
1091 2920 1181 2988 esset,
1198 2929 1292 2994 quan-

77 3021 179 3084 tumvis
199 3027 396 3101 provocatus,
418 3021 447 3083 iu
469 3020 707 3101 disputationem
729 3018 799 3083 cuin
823 3021 874 3082 illo
897 3021 1011 3082 intrare
1041 3037 1167 3101 prorsus
1195 3019 1294 3084 detre-

75 3127 169 3198 ctavit,
190 3133 388 3206 protestatus,
414 3128 523 3190 «iuxta
545 3127 648 3191 dietae
667 3127 821 3207 Spirensis
843 3135 978 3190 tenorem
1002 3127 1075 3189 nihil
1099 3143 1165 3190 csse
1187 3127 1295 3190 immu-

76 3233 189 3296 undum
213 3251 251 3296 ao
273 3233 490 3310 innovandum,
511 3234 565 3297 sed
587 3233 754 3298 didereuda
776 3234 877 3297 omnia
906 3249 1003 3314 usquc
1025 3233 1062 3297 ad
1086 3234 1220 3297 tutorum
1241 3247 1293 3310 ge-

77 3340 168 3403 nerale
190 3340 236 3404 vei
261 3340 412 3403 nationale
427 3341 593 3404 concilium
607 3366 636 3415 ι,
657 3357 727 3404 cum
743 3341 923 3421 praesertim
941 3341 1058 3404 iudices
1073 3340 1290 3420 disputationis

78 3453 275 3528 competentes
296 3463 333 3509 ac
354 3446 505 3524 legitimos
527 3463 627 3528 oeque
649 3446 840 3521 lambertus,
862 3463 961 3528 neque
991 3447 1134 3528 princeps
1164 3447 1292 3526 eiusque

77 3554 231 3618 musiliarii
255 3553 367 3616 velient
388 3552 557 3618 admittere.
578 3553 677 3627 Quare
692 3563 815 3616 eentum
832 3560 947 3616 tantum
968 3553 1187 3616 assertionibus
1209 3554 1293 3616 ham·

78 3655 144 3722 herti
165 3659 334 3724 Paradoxis
355 3660 506 3741 oppositis
527 3661 697 3723 doctrinam
728 3660 985 3741 disciplinamque
1013 3660 1196 3723 catholicam
1225 3676 1294 3740 pro·
1315 3675 1317 3682 ·

78 3768 168 3842 posuit
188 3775 219 3830 et
241 3749 382 3847 paratum
400 3783 438 3856 se
459 3783 526 3830 esse
547 3766 625 3830 dixit
651 3765 718 3829 -ad
749 3767 938 3847 probandam
960 3783 1065 3830 earnm
1095 3783 1165 3829 cnm
1194 3767 1291 3829 sacris

76 3869 158 3938 literis
179 3875 411 3938 consonantiam
432 3873 491 3937 suh
513 3874 667 3937 iudicibus
688 3873 932 3953 competentibus
954 3889 1009 3952 per
1031 3873 1217 3953 pontificiam
1238 3889 1293 3936 seu

135 4169 144 4202 ¹
164 4170 268 4238 Scripta
288 4170 359 4222 uaria
380 4166 558 4237 (nonnette
577 4167 723 4240 Schriften)
743 4170 815 4224 Pauli
834 4169 923 4222 ileliae
936 4169 1066 4236 (Gammel
1084 4168 1209 4234 hongottg
1221 4170 1294 4220 Sam·

77 4255 119 4323 tine
135 4259 181 4314 Νι.
195 4258 274 4313 teat.
289 4257 329 4324 6⁰)
348 4257 391 4311 Νι.
406 4259 447 4311 ts.
466 4287 501 4298 —
520 4259 680 4324 impressum
699 4264 739 4311 est
757 4261 807 4312 hoc
830 4257 963 4311 ‹lulcium
977 4256 1040 4310 noni
1053 4255 1182 4321 euangelii
1196 4255 1296 4309 Secun-

75 4345 128 4400 dum
146 4348 339 4402 Manicheum»
361 4347 432 4412 apud
452 4347 495 4400 Dr.
515 4345 641 4410 ilerdam,
660 4347 824 4401 ltonnmenta
845 4346 967 4400 historiae
986 4345 1097 4398 Dacicae
1117 4345 1135 4397 l.
1153 4358 1179 4409 p.
1199 4345 1258 4396 119.

131 4435 143 4468 ¹
162 4437 287 4490 lletiones
306 4435 384 4489 huius
401 4435 491 4490 asserti
512 4437 537 4490 iu
555 4435 776 4490 commentatione
794 4441 883 4490 nostra
903 4434 1053 4502 germanica
1078 4434 1210 4486 attulimus
1235 4432 1294 4498 (Ni-

77 4519 161 4582 nnio
178 4523 317 4596 sapam,
337 4539 363 4592 p.
384 4525 438 4594 so).

1170 4630 1186 4682 a
