3364 5092
368 320 421 387 et
694 337 890 388 conrurarro
913 337 1144 386 curucnanrsur
1168 337 1287 386 nauum.

375 469 433 542 est,
458 462 515 530 uisi
540 462 620 530 torte
644 463 717 548 quis
738 462 823 530 ausit
843 461 959 540 dicere,
984 478 1068 528 nuuc
1098 461 1225 530 demum
1258 461 1327 528 orhi
1353 462 1432 528 haec
1462 460 1607 528 illuxisse

375 569 490 647 omnia,
514 569 710 656 maioresque
734 575 859 636 nostros
873 576 945 635 ante
963 568 1041 635 hanc
1059 567 1218 654 religionis
1234 567 1431 634 novationem
1449 567 1488 634 ad
1504 583 1604 633 unum

374 675 542 755 interiisse,
565 693 601 744 ac
625 676 744 743 lrustra
766 673 965 761 praeteriisse
989 691 1045 759 per
1069 682 1114 741 tot
1136 692 1293 742 annorum
1316 673 1521 752 centenarios,
1543 691 1607 757 pro

375 787 421 849 tot
445 782 607 849 hominurn
633 781 836 867 myriadibus
852 799 1012 849 summurn
1028 779 1106 848 illud
1122 788 1154 848 et
1168 779 1363 848 adorandum
1382 779 1607 847 incarnationis

374 887 546 956 dominicae
569 895 812 966 sacramentum,
835 887 920 975 quod
946 907 1005 955 non
1038 887 1104 955 sani
1130 887 1283 967 homines,
1308 905 1368 954 non
1393 905 1490 954 saum
1519 887 1606 954 iuret

376 993 512 1062 Orestes.

808 1154 975 1221 decimum
1000 1163 1171 1243 quartum.

465 1313 511 1380 Ex
534 1314 652 1400 quihus
675 1315 720 1382 uti
745 1320 893 1400 mnqrram
917 1313 993 1380 loris
1016 1319 1153 1399 agentes
1178 1315 1237 1380 hoc
1259 1322 1317 1391 est,
1340 1320 1434 1380 extra
1451 1313 1606 1380 Ecclesiae

374 1420 536 1488 veritatem
561 1438 580 1486 a
603 1421 713 1488 salutis
737 1429 819 1488 meta
844 1428 907 1487 tota
924 1423 975 1505 (ut
998 1421 1099 1500 aiunt)
1124 1421 1173 1486 uia
1189 1420 1381 1498 exorbitant,
1406 1418 1461 1485 lilii
1485 1418 1602 1504 gehen-

372 1543 431 1593 nae
454 1533 486 1592 et
509 1525 701 1611 perditionis,
726 1545 786 1595 non
811 1527 866 1594 filii
891 1526 956 1607 Dei,
980 1535 1012 1594 at
1035 1527 1143 1607 Belial;
1168 1544 1230 1592 non
1255 1525 1429 1605 christiani,
1453 1532 1485 1591 at
1510 1543 1602 1610 pseu-

372 1630 593 1711 dochristiani;
617 1651 677 1699 non
702 1633 769 1712 Dei,
792 1639 824 1699 at
847 1634 995 1712 Saeuam
1019 1651 1081 1700 nnn
1106 1632 1224 1712 lideleS,
1248 1640 1280 1699 at
1303 1631 1432 1718 perlidi;
1461 1650 1523 1698 non
1547 1631 1603 1698 de-

371 1737 468 1823 nique
492 1738 618 1824 legitimi
644 1739 796 1808 Ecclesiae
821 1737 887 1818 lilii,
910 1747 942 1806 at
965 1739 1078 1824 spurii,
1100 1739 1280 1826 degeneres
1305 1738 1383 1823 Quis
1415 1737 1444 1804 id
1469 1756 1486 1806 e
1511 1755 1602 1823 prae

372 1843 554 1912 cedentibus
578 1847 662 1913 ultro
685 1847 774 1931 sequi
801 1865 860 1912 non
886 1852 1017 1913 cernat?

809 2005 976 2072 Decimum
999 2005 1163 2094 quintum.

458 2166 495 2231 llt
518 2183 594 2232 vero
616 2182 694 2244 esse,
717 2164 789 2245 dici,
812 2171 844 2233 et
866 2165 975 2233 haheri
1001 2165 1112 2232 nolunt
1137 2166 1185 2232 vel
1211 2165 1329 2232 Elhnici
1349 2163 1397 2232 vel
1422 2163 1525 2231 ludaei
1551 2165 1600 2231 vel

370 2278 529 2355 apostatae
552 2270 633 2338 fidei.
655 2271 820 2356 Reliquum
837 2280 885 2339 est
901 2273 1007 2356 igitur,
1025 2272 1123 2339 uelint
1141 2271 1250 2350 nolint,
1267 2276 1304 2339 ut
1320 2269 1468 2338 haeretici
1485 2270 1548 2337 sint
1563 2287 1604 2337 ac

370 2377 570 2457 schismatici,
586 2378 758 2463 quamlibet
774 2378 867 2445 etiam
884 2377 961 2444 nihil
979 2386 1104 2463 praeter
1122 2379 1234 2456 Deum,
1250 2377 1424 2456 Christum,
1441 2377 1600 2462 spiritum,

370 2483 571 2569 Evangelium
588 2494 619 2552 et
635 2484 728 2551 ladem
744 2485 862 2570 ubique
878 2491 1017 2570 crepent,
1031 2483 1264 2570 Ecclesiamque
1279 2483 1363 2569 apud
1381 2501 1415 2551 se
1432 2483 1515 2551 solos
1530 2500 1604 2550 esse

369 2589 565 2660 contendant.
584 2590 660 2658 lllud
684 2609 726 2658 ex
750 2591 985 2658 enumeratione
1002 2591 1139 2676 partium
1159 2591 1258 2677 liquet
1274 2591 1305 2658 in
1321 2596 1413 2658 sexto
1428 2589 1603 2669 axiomate,

369 2697 429 2764 hoc
452 2715 528 2764 uero
551 2697 581 2762 in
606 2695 770 2782 septimo*
793 2714 960 2763 commune
983 2696 1102 2764 dictum
1130 2704 1178 2764 est
1201 2697 1368 2764 haereticis
1390 2695 1547 2763 omnihus.

817 2855 984 2921 Decimum
1004 2865 1144 2924 scortum.

458 3017 617 3083 Postremo
639 3033 698 3100 pro
722 3015 887 3082 haereticis
906 3013 1064 3081 diiudicati
1089 3022 1185 3100 alque
1202 3014 1400 3082 condemnati
1425 3023 1511 3094 sunt,
1528 3012 1602 3099 (le)

367 3121 462 3208 idque
496 3141 557 3188 non
593 3122 694 3188 solum
730 3119 916 3188 auctoritato
952 3139 1118 3205 procerum
1145 3120 1433 3189 Ecclesiasticorum
1470 3128 1601 3188 nostrae

366 3228 486 3307 aetatis,
510 3227 570 3293 suh
593 3227 710 3314 quihus
733 3227 793 3293 ista
816 3226 907 3292 lactio
930 3234 1070 3311 grassata
1093 3234 1151 3306 est,
1175 3227 1227 3293 sed
1253 3227 1379 3294 illorum
1404 3226 1509 3307 etiam,
1542 3228 1599 3313 qui

366 3351 424 3402 nos
447 3333 531 3400 haud
556 3351 668 3418 parum
693 3332 801 3400 multis
823 3351 979 3399 annorum
997 3332 1124 3399 circulis
1141 3341 1388 3413 antecesserunt,
1413 3333 1597 3418 etquidem

366 3459 428 3507 non
452 3440 519 3507 siue
542 3439 727 3525 praesentia,
752 3457 905 3505 consensu
922 3446 954 3505 ct
976 3439 1200 3524 approbatione
1217 3439 1456 3524 imperatorum,
1473 3458 1599 3526 regum,

365 3547 564 3631 aliorumque
588 3545 764 3631 principum
789 3545 989 3612 secularium.
1015 3546 1090 3612 Nam
1119 3545 1266 3612 universa
1301 3545 1392 3613 istius
1420 3563 1520 3612 novae
1551 3545 1597 3612 la-

365 3653 477 3720 ctionis
499 3653 641 3720 doctrina
665 3671 724 3719 non
748 3652 832 3718 aliud
856 3659 914 3731 est,
938 3671 1032 3738 quam
1056 3652 1127 3719 laex
1152 3652 1305 3738 quaedam
1321 3661 1352 3719 et
1376 3645 1527 3720 colluvies
1543 3669 1597 3719 ve-

365 3766 480 3838 terum,
503 3758 716 3826 ohsoletarum
741 3766 773 3825 et
796 3757 855 3824 iam
880 3757 935 3824 diu
958 3758 1177 3825 damnatarum
1204 3759 1393 3836 haeresium,
1421 3775 1494 3825 cum
1519 3758 1598 3826 alia-

364 3883 436 3932 rum
461 3865 683 3951 complurium,
710 3873 775 3931 tum
800 3865 938 3931 maxime
962 3865 1173 3944 Valdensium,
1198 3865 1428 3932 Viclevicorum
1459 3872 1491 3931 ct
1515 3865 1597 3932 llus-

363 3971 536 4050 sianorum,
560 3989 639 4057 quas
662 3971 722 4038 iam
749 3971 867 4056 pridem
901 3971 932 4038 in
965 3971 1134 4038 Lethaeum
1162 3971 1279 4038 flumen
1308 3971 1468 4038 demersas
1490 3977 1523 4038 et
1553 3972 1595 4038 ah

362 4077 445 4144 omni
472 4077 633 4143 hominum
659 4077 809 4143 memoria
833 4085 967 4144 semotas
991 4077 1161 4144 hodiernae
1193 4077 1335 4144 lectionis
1357 4076 1596 4162 antesignanus,

362 4200 434 4249 curn
459 4189 589 4267 cuperet
613 4199 713 4248 novus
735 4191 847 4249 auctor
875 4182 994 4261 haberi,
1018 4183 1149 4250 audacia
1173 4201 1230 4268 pro
1257 4183 1410 4268 sapientia
1433 4191 1536 4262 utem,
1561 4185 1592 4250 in

362 4288 463 4356 lucem
489 4289 656 4368 revocavit,
679 4297 775 4374 atque
791 4289 932 4356 indoctae
948 4289 1030 4374 plehi
1055 4307 1181 4375 semper
1197 4307 1353 4356 novarum
1370 4289 1512 4375 cupidae,
1533 4308 1596 4374 pro

361 4395 451 4462 noris
473 4394 626 4479 dogmatis
651 4395 822 4480 proposuit.
849 4394 928 4461 idem
953 4413 1090 4481 namque
1106 4413 1198 4463 error
1222 4403 1306 4464 esta
1331 4396 1511 4464 Donatianis
1529 4390 1594 4481 pri-

426 4527 437 4547 '
454 4529 546 4574 convo.
