3364 5092
348 228 391 292 90
665 213 861 293 conrnrarro
883 245 1115 292 conuenturam
1138 245 1255 292 uaurcr.

345 368 406 436 alia
430 368 534 436 nescio
549 385 642 454 quae,
665 375 702 436 ut
719 385 838 448 rerum,
862 368 906 435 ita
927 376 960 436 et
982 369 1143 436 nominum
1170 375 1322 454 portenta.
1347 368 1491 455 Denique
1512 388 1581 436 non
1661 355 1662 394 r

276 478 279 488 '
345 483 393 543 est
417 493 481 543 una
504 475 597 543 etiam
622 493 695 543 oum
720 491 913 561 unoquoque
939 481 1089 555 vestrum,
1112 475 1166 561 qui
1184 475 1214 542 in
1233 473 1292 542 ista
1315 482 1419 542 restra
1435 474 1582 543 Ecclesia

345 588 390 648 tot
413 582 549 668 quisque
572 599 680 649 secum
703 581 860 668 antilogiis
876 581 942 667 ipse
964 588 1094 667 pugnat,
1119 581 1212 667 idque
1228 599 1289 648 non
1313 581 1415 650 solum
1438 581 1581 651 dirersis
1661 581 1662 590 ’

344 688 375 755 in
401 688 489 755 lihris
511 696 542 756 et
565 687 779 768 concionibus,
796 705 907 755 rerum
931 688 1024 756 etiam
1049 685 1118 774 (53)
1142 705 1368 773 saepenumero
1387 688 1418 754 in
1442 688 1579 758 eisdem.

343 831 389 846 -
411 794 526 862 Ortntra
551 811 626 862 vero
648 800 756 862 nostra
773 795 909 862 Ecclesia
931 795 1079 862 omnihus
1095 793 1195 862 modis
1210 811 1274 862 una
1296 801 1498 881 est‚·semper
1512 795 1578 863 sihi

267 883 274 902 ⁸
343 907 500 982 constans,
522 919 686 987 nunquam
710 919 772 967 non
796 901 844 968 sui
869 901 989 980 similis,
1006 901 1108 969 nullas
1131 901 1162 968 in
1179 905 1285 987 partes
1300 905 1393 981 secta,
1417 909 1581 988 perpetuo

344 1003 548 1094 (quacunque
572 1011 668 1093 patet)
685 1006 766 1074 idem
784 1007 931 1087 sentiens,
949 1007 1028 1075 idem
1046 1007 1187 1086 credens,
1203 1007 1283 1075 idem
1308 1007 1470 1087 mnhnns,
1488 1008 1576 1076 idem

342 1113 467 1195 docens,
493 1114 586 1201 idque
605 1121 651 1181 'ex
676 1113 872 1200 temporibus
901 1115 1120 1199 Apostolorum
1151 1114 1182 1181 in
1216 1115 1292 1181 haoo
1323 1131 1425 1199 usque
1452 1117 1580 1196 secula:

343 1228 428 1289 certe
452 1240 512 1288 nou
537 1221 657 1306 absque
682 1219 895 1288 manifestario
918 1221 1049 1306 spiritus
1065 1220 1190 1301 iudicio,
1212 1221 1268 1306 qui
1290 1227 1399 1307 gentes
1422 1227 1511 1288 tanto
1529 1223 1578 1290 lo-

344 1346 454 1396 corum
481 1328 645 1394 interuallo
660 1327 795 1406 dissitas,
811 1345 869 1413 per
884 1333 930 1394 tol
954 1327 1058 1394 secula
1075 1327 1105 1394 in
1122 1327 1242 1395 unitate
1265 1326 1336 1394 iidei
1359 1335 1391 1394 et
1410 1325 1580 1396 doctrinae

344 1434 510 1503 concordia
533 1433 677 1501 servarit.

434 1541 550 1608 Deinde
575 1539 712 1625 legitima
735 1540 789 1608 Dei
816 1540 950 1607 Ecclesia
973 1547 1020 1607 est
1043 1535 1208 1624 catholica,
1233 1538 1262 1606 id
1290 1547 1348 1618 est,
1371 1539 1577 1619 universalis,

294 1657 320 1703 ¹¹·
345 1664 456 1732 nempe
480 1665 536 1734 per
560 1647 745 1714 uuiversum
770 1653 928 1714 terrarum
952 1647 1061 1714 orhem
1086 1663 1195 1732 sparsa
1210 1651 1305 1732 atque
1327 1645 1451 1725 diliusa,
1475 1647 1577 1734 idque

343 1753 435 1821 iuxta
450 1752 571 1820 divinas
588 1751 809 1838 promissiones
824 1751 863 1819 ad
880 1752 1075 1837 patriarchas
1099 1751 1264 1830 ahraham,
1289 1750 1402 1819 isaac*
1425 1759 1456 1819 et
1481 1753 1578 1822 iacob

342 1859 381 1926 de
405 1859 663 1943 multiplicatione
686 1857 816 1926 seminis
837 1875 946 1924 eorum
965 1858 995 1924 in
1013 1857 1138 1926 Christo
1153 1875 1209 1943 per
1224 1875 1332 1924 omncs
1346 1864 1457 1937 terras,
1480 1860 1578 1928 iuxta

342 1973 523 2032 sanctorum
540 1964 768 2050 prophetarum
785 1963 914 2031 oracula
932 1964 971 2032 de
987 1963 1147 2032 vocatione
1162 1964 1300 2049 gentium
1320 1963 1578 2053 indecorumque

341 2071 521 2138 disiectione
537 2069 580 2150 **,
604 2078 635 2137 et
657 2070 696 2138 de
728 2070 862 2137 Ecclesia
893 2070 1032 2156 gentium
1064 2071 1101 2137 ad
1134 2070 1287 2156 orientem
1310 2077 1342 2138 et
1364 2069 1576 2154 occidentem,

341 2177 478 2245 iliricum
502 2184 534 2244 et
557 2177 739 2262 Aquilonem
757 2175 943 2243 dilatandam
961 2177 1045 2242 ultra
1060 2193 1247 2262 synagogam
1271 2175 1456 2245 iudaeorum
1473 2181 1577 2248 tinius
1661 2237 1662 2242 ,

342 2284 472 2351 iudaeae
495 2283 648 2370 augustiis
671 2283 820 2362 clausam,
845 2283 935 2350 iuxta
958 2281 1073 2349 Christi
1098 2283 1367 2350 confirmationem
1391 2282 1430 2350 de
1453 2285 1576 2354 Centu-

342 2390 431 2456 rioue
455 2389 621 2475 loquentis,
644 2395 676 2456 et
700 2395 901 2474 praeceptum
925 2388 1064 2455 eiusdem
1088 2389 1126 2456 ad
1149 2406 1224 2456 snos
1248 2397 1315 2457 tuna
1345 2390 1375 2456 in
1403 2389 1575 2477 Evangelio

342 2504 409 2563 tum
435 2495 466 2562 in
490 2496 568 2562 actis
590 2495 682 2562 iuxta
705 2495 855 2580 principis
879 2496 1097 2580 Apostolorum
1122 2494 1202 2562 Petri
1228 2495 1398 2575 visioncm3
1430 2495 1575 2585 denique
1661 2517 1662 2542 ³

342 2601 432 2669 iuxta
455 2601 592 2668 doctoris
614 2601 755 2688 gentium
780 2601 865 2667 Pauli
890 2600 1107 2668 executionem
1143 2609 1239 2686 atque
1261 2601 1506 2686 disputationem
1540 2605 1574 2671 in

340 2707 486 2775 Romanis
509 2707 648 2774 maxime
679 2725 715 2774 ac
745 2705 878 2774 Galatis:
911 2708 978 2773 loca
1012 2707 1244 2792 scripturarum
1280 2708 1357 2776 nulli
1383 2727 1445 2776 non
1477 2709 1575 2777 chria

339 2823 423 2884 suut.
449 2850 490 2863 -
515 2815 550 2880 tt
574 2821 679 2880 vestra
704 2812 837 2880 Ecclesia
860 2819 922 2879 tam
947 2819 994 2880 est
1017 2813 1049 2879 in
1080 2820 1204 2880 arctum
1237 2821 1406 2893 contracta,
1439 2821 1575 2902 umque

338 2921 480 3006 angustis
511 2920 721 3006 circumsepta
752 2919 879 2999 linibus,
911 2928 946 2987 ut
977 2937 1015 2986 ne
1047 2939 1161 2988 nomen
1196 2921 1323 3007 quidem
1357 2939 1451 2988 suum
1485 2923 1574 2991 tueri

338 3028 446 3114 possit,
470 3027 494 3094 si
520 3025 592 3112 quis
615 3043 682 3093 eam
708 3027 891 3094 catholicam
916 3027 1020 3094 dicere
1046 3027 1128 3094 velit.
1145 3028 1267 3114 Quippe
1290 3046 1386 3114 quam
1409 3027 1447 3095 ad
1465 3029 1573 3097 solum

338 3134 520 3220 ltquilonem
552 3140 689 3199 coactam
709 3135 731 3212 ¹,
763 3132 906 3200 videlicet
941 3133 1023 3199 intra
1057 3133 1224 3200 saxoniam
1261 3135 1391 3221 locaque
1421 3135 1574 3217 confinia,

338 3239 549 3306 florentissimi
582 3239 744 3305 christiani
776 3238 862 3305 orhis
893 3240 1011 3325 popuii,
1035 3258 1147 3325 nempe
1172 3241 1247 3321 itali,
1280 3241 1402 3327 iiispani
1435 3250 1467 3310 et
1489 3243 1572 3311 Galli

338 3363 396 3414 ceu
420 3352 633 3412 commentum
650 3343 885 3429 aquilonarium
906 3346 1069 3412 hominum
1092 3354 1124 3413 et
1140 3347 1351 3414 harbarorum
1367 3348 1571 3417 ebriosorum

259 3479 261 3486 ·
337 3462 369 3521 et
391 3470 524 3538 corpore
548 3451 647 3536 magis
676 3469 771 3536 quam
798 3451 922 3536 iugenio
945 3452 1170 3537 praestantium
1196 3453 1338 3534 irrident,
1371 3455 1573 3524 subsannant

337 3567 368 3627 cl
392 3559 554 3645 indiguum
579 3557 669 3642 piane
692 3565 830 3636 censent,
853 3557 892 3623 do
923 3576 987 3643 quo
1012 3558 1107 3625 rocha
1138 3559 1325 3628 habeantur.
1349 3561 1485 3630 Tametsi
1520 3565 1572 3631 vol

176 3671 265 3772 tuffi-
280 3673 313 3728 ¹⁹.
337 3665 422 3732 omni
447 3665 525 3744 loco,
549 3681 613 3749 qno
637 3662 774 3730 maxime
799 3670 903 3730 vestra
928 3663 1019 3731 iloret
1043 3665 1188 3745 Ecclesia,
1205 3667 1362 3734 domium
1385 3667 1571 3757 reliquom

176 3779 238 3824 lion·
253 3757 318 3834 itt·
336 3771 402 3838 sior·
423 3780 541 3857 sepiem
566 3769 674 3836 miliia
704 3769 870 3847 virorum,
903 3771 963 3857 qui
992 3790 1058 3836 rrorr
1089 3783 1316 3840 curvaverunt
1345 3795 1459 3862 penato
1489 3787 1571 3844 orric

338 3876 437 3956 Boot,
461 3884 497 3945 ut
520 3875 648 3943 induhie
671 3875 721 3942 vel
744 3874 830 3942 hisco
854 3876 1050 3961 temporibus
1072 3895 1228 3964 synagoga
1245 3879 1430 3948 ludaeorum
1455 3901 1570 3952 nume

336 3983 438 4050 rosior
462 3983 502 4050 sit
525 3999 619 4068 quam
645 3990 749 4048 restra
773 3981 832 4047 ista
856 3980 1000 4048 Ecclesia.
1025 3983 1137 4050 Nostra
1159 4003 1177 4051 e
1200 3985 1325 4053 diverso
1348 3987 1485 4056 Ecclesia
1501 3997 1568 4056 tam

336 4089 397 4156 late
421 4097 514 4175 patet,
538 4105 633 4174 quam
659 4093 766 4154 vastus
790 4093 893 4154 terrae
916 4087 1053 4154 ambitus
1077 4090 1260 4176 porrigitur.

398 4222 408 4242 '
426 4221 519 4268 isaach.
990 4219 1013 4241 ”
1030 4219 1158 4268 dimetiens
1176 4222 1255 4284 (ticli.

407 4424 416 4456 ¹
440 4425 513 4482 Mora.
531 4427 560 4480 L.
579 4427 609 4478 3:
628 4423 778 4478 adulterina
799 4423 824 4476 ln
843 4427 945 4478 arctum
965 4429 1067 4480 cuncto.
