3384 5082
513 307 642 355 scurrus
664 307 870 355 consuesscs.
1239 289 1304 356 253

77 429 182 496 vitatis
196 429 396 515 vibergensis
412 437 477 497 lum
492 431 533 496 sil
547 431 675 498 omnino
691 449 971 518 supervacaneum,
984 469 1026 478 -
1039 432 1116 498 nihil
1130 432 1211 499 enim
1225 449 1306 518 opus

76 547 120 602 est
145 537 263 616 rerhis,
290 537 388 604 literis
411 546 442 604 et
465 537 583 624 sigillis,
608 539 660 605 uhi
686 538 766 604 lacta
788 539 841 605 toti
860 538 976 605 mundo
994 537 1155 606 manilesta
1171 539 1305 624 loquun-

77 652 139 720 tur,
158 681 204 694 -
223 653 289 710 tom
313 663 441 730 quoque
465 645 666 712 vehementer
683 646 825 712 stultum.
843 645 938 711 Nemo
960 645 1042 711 enim
1067 645 1097 710 in
1122 663 1216 712 causa
1234 663 1304 730 pro-

77 750 144 833 pria
169 751 260 818 testis
282 768 350 818 esse
373 752 577 836 permittitur.
602 733 682 836 Quin
708 769 817 818 omnes
841 751 988 818 haeretici
1014 752 1136 836 (quales
1160 769 1215 818 ros
1237 768 1306 818 esse

77 857 122 922 rel
149 857 308 924 maximos
331 865 491 923 ostensum
516 865 576 936 est)
600 857 771 926 secundum
789 858 860 924 iura
876 865 1024 942 tanquam
1042 857 1303 925 excommunicati

76 970 106 1028 et
129 963 265 1030 infames
287 963 415 1030 omnino
439 963 544 1030 testari
570 971 740 1049 nequeunt.
768 963 882 1031 Verum
909 963 1136 1040 mihicredite,
1161 965 1190 1030 ni
1208 983 1303 1049 quam

77 1071 216 1156 primum
240 1069 334 1153 digne
358 1069 557 1154 resipiscatis,
583 1070 705 1155 longius
727 1077 782 1136 aut
805 1070 933 1136 brevius
957 1070 1067 1156 titique
1094 1069 1304 1156 (quemadmo-

75 1175 151 1242 dum
176 1194 288 1242 omues
312 1177 500 1261 templorum
535 1177 587 1243 llei
621 1176 799 1246 violatoresl
834 1177 927 1262 digna
962 1177 1049 1244 lactis
1073 1173 1163 1260 (227)
1193 1177 1305 1244 restris

76 1283 257 1350 mercedem
284 1282 330 1348 rel
367 1284 396 1348 in
429 1283 487 1349 hac
523 1285 585 1349 vita
621 1283 777 1368 recepturi
809 1285 894 1362 estis,
918 1283 1071 1370 siquidem
1096 1289 1146 1362 (ut
1173 1284 1216 1350 ait
1240 1283 1304 1362 ille)
1328 1297 1464 1344 retractu·-

77 1389 118 1452 nil
145 1389 244 1456 retert
267 1397 378 1456 auctor
401 1390 499 1456 lucris
523 1389 666 1458 lautorve
689 1391 854 1458 malorum.
880 1392 943 1457 lmo
975 1391 1077 1476 potius
1107 1391 1303 1458 verissimum

77 1495 287 1579 experiemini
313 1503 403 1563 retus
427 1497 502 1563 illud
527 1496 625 1582 adagii
661 1497 728 1564 vice
763 1497 977 1564 celebratum:
1001 1497 1115 1564 llalnm
1139 1497 1304 1564 consilium

78 1602 251 1668 consultori
278 1603 456 1688 pessimum.
489 1603 605 1670 Verum
640 1603 723 1670 haud
754 1605 829 1670 satis
865 1604 1012 1690 intelligo,
1036 1603 1110 1690 quid
1147 1603 1204 1670 sihi
1230 1603 1304 1670 velit

79 1707 138 1773 ista
156 1709 371 1793 parenthesis:
393 1735 407 1766 r
422 1709 460 1776 Ut
477 1727 531 1775 ros
555 1709 765 1795 loquimini»,
789 1728 852 1796 qua
877 1718 942 1776 tum
959 1710 1169 1789 solemnsuli,
1186 1710 1210 1778 si
1228 1709 1303 1795 quid
1389 1701 1390 1706 ’

78 1814 184 1882 minus
209 1824 293 1882 recle
312 1815 430 1882 dictum
447 1816 497 1895 sit,
514 1817 606 1902 qualo
623 1817 652 1882 in
671 1817 720 1884 his
735 1816 860 1902 quidem
878 1818 983 1884 verbis
997 1835 1055 1902 ego
1070 1816 1305 1902 deprehendere

79 1938 210 2006 nequeo.
229 1923 333 2006 Quare
351 1941 502 2008 perquam
526 1923 671 2008 optarim,
690 1931 725 1989 ut
740 1924 799 1990 hac
816 1923 845 1990 iu
863 1942 908 2002 re,
927 1941 980 1990 ros
996 1923 1169 2009 gravissimi
1187 1923 1305 1990 scilicet

80 2025 191 2094 latinae
217 2027 341 2112 linguae
364 2046 519 2106 censores,
536 2046 593 2095 nos
608 2029 735 2096 erudire
751 2028 866 2115 dignati
891 2029 1036 2096 inissetis.
1054 2030 1128 2096 Nam
1147 2047 1215 2096 mea
1235 2029 1305 2114 qui-

79 2133 149 2200 dem
165 2135 330 2213 sententia,
345 2141 469 2220 praeter
482 2135 523 2213 id,
536 2135 620 2221 quod
634 2137 709 2202 haec
727 2136 871 2221 loquendi
885 2135 1020 2202 lormula
1035 2137 1114 2202 iuris
1130 2136 1304 2221 peritorum

80 2259 134 2308 ore
160 2241 323 2308 tritissima
338 2249 395 2321 est,
411 2241 524 2310 divinis
540 2261 666 2329 utroque
690 2243 788 2310 literis
812 2251 923 2328 tropus
940 2243 990 2310 hic
1012 2250 1060 2310 est
1077 2241 1303 2328 perlamiliaris,

80 2365 143 2430 quo
166 2347 286 2414 brachii
312 2367 424 2416 nomeu
449 2367 506 2434 pro
535 2357 685 2435 potestate
709 2358 891 2434 usurpatur.
924 2350 1021 2417 Cuius
1050 2351 1093 2418 rei
1126 2368 1180 2416 ros
1208 2355 1304 2428 certe,

80 2453 197 2522 scilicet
221 2463 395 2541 utrumque
420 2463 638 2522 testamentum
663 2457 693 2522 in
718 2463 879 2542 pectorum
906 2465 1083 2524 vestrorum
1108 2457 1231 2524 scriniis
1255 2474 1304 2523 re·

80 2561 238 2628 conditum
264 2562 423 2641 hahentes
447 2563 471 2630 si
497 2562 574 2629 nihil
597 2563 692 2642 aliud,
710 2562 784 2629 illud
802 2572 887 2630 certe
903 2564 1150 2649 vulgatissimum
1168 2571 1199 2630 el
1214 2581 1304 2648 aper-

80 2666 246 2746 tissimum,
269 2667 352 2754 quod
370 2687 410 2736 ex
428 2669 548 2736 cantico
570 2669 659 2737 divae
683 2669 812 2754 virginis
827 2670 941 2736 Mariae
957 2670 987 2736 iu
1006 2670 1140 2737 Ecclesia
1157 2669 1208 2737 Dei
1225 2688 1304 2754 quo-

82 2772 154 2840 tidie
171 2773 286 2858 legitur
297 2777 318 2852 ¹,
330 2774 498 2841 admouere
516 2775 646 2860 poterit:
664 2775 752 2841 Fecit
766 2776 943 2860 potentium
961 2775 996 2840 ln
1017 2772 1152 2841 bruchio
1168 2793 1229 2841 sno
1244 2782 1302 2842 etc.
1327 2791 1379 2837 cue
1394 2791 1413 2844 ι,
1428 2790 1462 2834 u.

169 2879 276 2958 Porro,
299 2880 383 2966 quod
409 2882 576 2967 posthaec
600 2881 763 2959 sullicitis,
787 2882 862 2948 istos
885 2883 1014 2948 Satanae
1039 2881 1208 2960 ministros,
1225 2899 1304 2967 qrro-

80 3003 150 3052 rum
176 2986 227 3053 hic
250 2985 408 3073 (quisquis
431 2988 503 3070 ιε’)
528 2995 694 3072 patronum
718 2987 794 3074 agia,
818 2989 966 3054 nimirum
984 3007 1024 3055 eu
1041 2987 1148 3056 eodem
1165 2992 1215 3070 (ut
1229 2988 1305 3056 dici-

81 3253 130 3308 bit:
149 3257 272 3308 «interea
286 3255 413 3321 temporis
432 3257 527 3309 missae
540 3265 565 3310 et
578 3257 619 3309 alli
633 3257 697 3310 ritus
717 3257 835 3322 papistlcl
855 3257 880 3308 in
899 3257 966 3310 aede
984 3257 1125 3310 cathedrali
1146 3257 1304 3323 peragebau·

79 3351 134 3408 tur;
154 3349 181 3396 et
200 3344 267 3396 inter
285 3343 350 3398 elios
368 3345 527 3399 sacrificulos
547 3347 592 3400 luit
614 3347 723 3414 quidam
742 3347 777 3399 oh
795 3347 889 3398 elatam
909 3360 1003 3400 vocem
1028 3349 1130 3400 Stentor
1149 3347 1241 3410 dictus,
1261 3347 1304 3398 llr.

79 3433 156 3488 Claus
168 3431 267 3487 llober.
279 3435 400 3502 Quodam
418 3435 470 3500 die,
483 3449 543 3488 cum
559 3435 614 3500 ipse
627 3435 733 3488 missam
754 3437 911 3500 mussitaret,
924 3437 990 3488 ciris
1002 3436 1121 3503 quidam,
1134 3435 1307 3488 Christiernus

80 3521 155 3586 Slub,
174 3523 330 3586 conductus,
350 3525 390 3576 rel
410 3523 444 3576 ab
463 3525 518 3576 aliis
537 3538 589 3577 non
604 3524 757 3577 insuavibus
769 3523 979 3590 congerronihus
992 3525 1098 3578 allectus
1111 3525 1206 3589 potius,
1219 3537 1306 3578 accur·

80 3613 120 3678 rit,
134 3612 244 3666 calicem
256 3612 280 3665 ei
293 3612 418 3678 praeripit
431 3619 455 3665 et
475 3613 498 3665 lu
519 3613 600 3678 pedes
619 3613 731 3666 coniicit.
744 3614 911 3667 Sacrillculus
931 3614 1072 3679 lugientem
1093 3613 1238 3682 insequitur
1257 3621 1305 3666 etc.

80 3701 151 3754 llanc
170 3715 222 3754 non
242 3701 405 3766 tragoediam
425 3701 471 3754 sed
491 3704 672 3767 catastrophen
692 3702 746 3754 risu
765 3703 922 3768 excipientes
935 3701 1049 3768 plurimi,
1064 3703 1205 3767 praecipue
1224 3703 1306 3754 llarti·

80 3805 128 3842 uos
147 3791 278 3854 liegelius,
299 3793 368 3843 hunc
387 3789 520 3844 lloberum
540 3805 600 3844 cum
620 3791 674 3842 suls
692 3791 865 3856 complicibus
884 3797 1113 3856 compescuerunt,
1132 3797 1157 3843 et
1175 3793 1306 3856 crteurplo

79 3887 236 3944 suggestum
248 3879 400 3932 conscendit
416 3880 558 3934 Tuusunus
579 3879 619 3946 (ut
637 3881 678 3932 vel
698 3881 762 3932 torte
782 3883 883 3932 tortuna
900 3881 940 3932 rel
961 3880 1005 3932 Del
1026 3880 1190 3944 providentia
1210 3881 1305 3932 codem

80 3975 199 4034 tempore
212 3969 238 4020 in
252 3971 378 4034 templum
398 3969 516 4036 venerat)
536 3976 562 4021 el
581 3983 629 4034 pro
648 3970 772 4022 concione
792 3969 974 4034 interpretatus
987 3977 1025 4020 est
1042 3969 1127 4022 locum
1142 3971 1223 4034 rlpoc.
1238 3969 1306 4020 xlv.

81 4055 131 4126 [812
150 4055 258 4122 Cecidit,
276 4058 370 4112 cecidit
389 4057 505 4124 Babylon
524 4059 563 4110 illa
584 4071 690 4124 magua,
708 4073 776 4126 uuae
795 4073 809 4110 a
830 4059 892 4111 vino
912 4059 965 4110 irae
985 4057 1160 4112 fornicationis
1179 4071 1242 4110 suae
1262 4072 1306 4124 po

81 4147 143 4198 tacit
161 4159 254 4200 omnes
272 4155 363 4212 gentes
375 4167 389 4194 a
411 4155 460 4200 etc.
479 4147 699 4200 llirlmhistorislre
719 4148 864 4213 Samlinger
884 4149 900 4200 l.
920 4149 981 4200 ³76.

151 4233 159 4264 ¹
181 4237 207 4287 ln
228 4234 350 4303 vesperis.

150 4321 161 4352 ¹
181 4323 237 4375 ruit
257 4321 358 4378 Oinous
378 4323 595 4394 Chrysoslomus,
615 4331 670 4376 tum
691 4326 769 4377 lector
783 4324 974 4388 llolmogensis,
989 4325 1034 4392 qul
1048 4326 1234 4390 responsiones
1247 4339 1306 4376 ron·

80 4415 241 4466 donatorum
261 4413 371 4466 Danicos
389 4413 466 4466 latine
486 4413 646 4468 reddiderat.
665 4414 781 4466 llortuus
805 4421 844 4466 est
869 4425 896 4468 ιιι
924 4414 1146 4480 superintendens
1170 4415 1250 4480 portis
1269 4429 1305 4467 se·

81 4501 258 4567 ptentrionalis
277 4501 356 4555 lutiae
374 4515 443 4555 anuo
467 4501 531 4556 1553
552 4517 641 4556 mense
662 4501 813 4556 Novembri.
