3364 5092
520 322 649 370 rnarrus
672 321 878 370 coucnnssus.
1250 302 1310 370 135

77 451 196 510 temere
230 446 284 532 agi
316 445 431 512 omnia.
467 445 560 514 Stoici
585 463 661 514 vero
695 445 862 531 eregione
886 445 984 513 libero
1019 445 1153 512 hominis
1181 446 1312 513 arbitrio

76 549 213 628 sublato,
242 560 281 619 ut
306 552 358 619 Dei
386 552 611 638 procidentiam
637 560 815 630 tuerentur,
838 554 943 620 omnia
966 552 1173 620 ineluctabilis
1188 552 1240 618 lati
1259 571 1311 620 ne-

74 659 224 725 cessitate
251 660 321 727 lieri
347 659 575 744 praedicabant.
600 661 717 727 Verum
742 660 924 727 nobilissimi
956 660 1214 745 philosophorum
1239 663 1311 726 tca-

73 763 201 842 demici,
229 768 300 834 sive
324 765 468 834 Platonici
501 775 531 834 et
557 767 749 851 Peripatetici
778 785 834 834 seu
859 767 1053 844 Aristotelici,
1078 774 1251 852 utrumque
1281 774 1313 834 et

75 871 124 937 hei
153 873 392 956 prouidentiam
424 881 456 940 et
486 874 659 941 libertatem
685 875 813 941 humani
838 874 958 941 arbitrii
989 874 1153 941 conciliare
1184 874 1311 959 quidem

73 981 176 1045 conati
204 990 297 1060 sunt,
321 980 364 1048 ita
387 981 526 1048 videntes
540 981 667 1047 omnino
683 981 906 1060 necessarium,
923 989 1034 1067 atqua
1058 981 1086 1048 id
1111 982 1231 1047 ratione
1248 982 1312 1054 liat.

73 1086 180 1152 neutri
209 1087 252 1153 ad
279 1087 431 1154 Ecclesiae
454 1087 625 1155 catholicae
645 1105 772 1155 sensum
798 1107 853 1174 per
877 1089 982 1156 omnia
1005 1089 1080 1155 satis
1102 1088 1311 1173 explicarunt.

73 1193 107 1256 u
138 1192 329 1260 Christiana
362 1194 469 1278 religio
501 1194 565 1261 sola
596 1201 769 1280 utrumque
802 1196 994 1262 inscrutabili
1027 1195 1160 1282 quadam
1193 1196 1313 1262 ratione

73 1299 256 1384 coniungit,
275 1301 466 1368 intellectum
483 1301 521 1368 ad
538 1301 744 1369 obedientiam
761 1302 875 1368 Christi
894 1302 1050 1387 captivum
1075 1302 1202 1380 ducens,
1220 1302 1313 1388 idque

74 1413 212 1490 propter
249 1404 344 1492 (100)
380 1407 502 1474 (livinae
534 1409 710 1492 scripturae
740 1410 970 1482 auctoritatem,
1002 1427 1083 1494 quae
1114 1409 1190 1474 haec
1221 1409 1313 1475 ambo

74 1529 241 1598 nusquam
267 1533 329 1581 non
356 1515 523 1600 praedicat,
549 1523 697 1600 tanquam
723 1515 849 1582 totidem
875 1516 1039 1582 uniuersae
1061 1515 1218 1600 religionis
1242 1514 1313 1581 lun·

75 1617 229 1687 demente
253 1628 285 1688 et
309 1621 410 1688 bases.
434 1621 509 1688 Nam
533 1622 677 1688 absoluta
700 1623 840 1688 omnium
869 1640 976 1689 rerum
1002 1622 1167 1688 necessitas
1190 1621 1231 1687 ob
1255 1622 1313 1688 im-

76 1728 268 1795 mutabilem
292 1728 347 1794 Dei
372 1728 598 1814 prouidentiam
624 1729 717 1795 semel
742 1728 887 1807 admissa,
912 1729 1056 1814 protinus
1078 1746 1201 1794 omnem
1219 1728 1311 1794 simul

77 1833 275 1917 scripturam
298 1835 428 1914 evertit;
455 1837 529 1902 haec
553 1836 635 1902 enim
659 1836 689 1900 in
714 1853 837 1901 summa
861 1836 1021 1921 praecipit,
1045 1843 1139 1912 uetat,
1167 1835 1313 1913 consulit,

77 1937 254 2020 dissuadet,
277 1941 476 2020 adhortatur,
498 1942 665 2020 absterret,
690 1943 853 2027 promittit,
879 1943 1027 2020 minatur,
1043 1942 1233 2020 consolatur,
1257 1960 1312 2008 ex-

81 2047 228 2128 probrat,
251 2049 439 2128 obtestatur,
463 2049 627 2128 benedicit,
650 2049 815 2128 maledicit,
840 2057 870 2116 et
898 2050 956 2133 tuti
983 2048 1097 2116 l'aulus
1121 2049 1235 2134 inquit)
1258 2049 1314 2115 do-
1336 2057 1357 2102 Ξ·
1371 2055 1420 2102 Ger·
1435 2055 1456 2098 ³·

83 2161 140 2230 ret,
157 2155 268 2240 arguit
291 2164 322 2222 et
345 2156 493 2241 corripit:
517 2175 599 2241 quae
614 2157 719 2223 omnia
737 2157 869 2222 liberum
887 2156 1021 2222 hominis
1044 2156 1210 2222 arbitrium
1227 2174 1314 2241 prae·

83 2275 266 2344 supponere
289 2280 325 2329 ac
348 2263 487 2348 exigere,
505 2263 576 2349 quis
596 2282 656 2330 nnn
682 2263 787 2329 uidet?
810 2265 914 2348 Quare
938 2281 1205 2347 supervacaneum
1225 2281 1314 2348 pror-

85 2381 138 2431 sus
166 2368 321 2449 arbitror,
345 2369 497 2437 adversus
520 2388 662 2437 errorem
685 2370 762 2437 adeo
786 2369 1031 2436 manifestarium
1063 2370 1204 2453 prolerre
1229 2369 1313 2436 testi*

85 2474 193 2541 monia
217 2476 461 2561 scripturarum,
478 2477 603 2562 quando
619 2477 742 2544 nullum
760 2477 824 2544 iere
840 2485 934 2562 caput
949 2477 980 2542 in
1006 2476 1103 2542 sacris
1127 2475 1231 2542 bibliis
1246 2495 1313 2544 esse

87 2595 168 2659 reor,
195 2583 278 2650 unde
302 2601 362 2649 non
388 2583 484 2668 possit
508 2585 647 2650 haeresis
670 2585 728 2650 ista
752 2583 916 2650 contutari.
941 2584 1015 2650 Nam
1040 2601 1129 2650 error
1154 2583 1211 2650 iste
1235 2584 1313 2649 Stoi-

86 2701 198 2755 corum
225 2697 288 2755 tarn
313 2699 359 2756 est
383 2690 551 2770 absurdus,
583 2698 617 2758 ut
641 2691 733 2758 etiam
764 2710 783 2756 a
814 2690 926 2758 ceteris
949 2691 1087 2775 gentium
1122 2691 1314 2774 pbilosophis

87 2797 376 2875 excellentioribus,
400 2815 511 2882 nempe
528 2798 690 2864 Platonicis
714 2805 745 2863 et
768 2797 978 2876 aristotelicis,
1002 2797 1184 2882 iampridem
1208 2797 1314 2882 expio

88 2913 140 2964 sus
165 2903 214 2968 sit
241 2939 283 2951 -
309 2904 411 2970 Primo
434 2905 515 2970 enim
541 2905 772 2972 inciuilissimus
788 2915 845 2982 est,
870 2911 978 2989 utpote
1001 2923 1124 2970 omnem
1144 2905 1312 2970 humanam

89 3009 326 3094 rempublicam,
354 3010 580 3096 magistratum,
604 3011 756 3088 ordinem,
780 3019 895 3078 statum
920 3019 950 3076 et
974 3011 1150 3076 corrvictum
1177 3019 1237 3074 tam
1266 3029 1313 3076 se-

89 3115 225 3183 cularem
252 3135 347 3202 quarn
375 3117 620 3184 Ecclesiasticum
645 3126 798 3185 evertens.
822 3117 913 3184 Tollit
937 3117 1018 3182 enim
1045 3117 1136 3202 tepea,
1161 3117 1313 3196 instituta,

91 3235 201 3300 mores,
237 3232 415 3308 praecepta,
451 3225 589 3302 consilia,
623 3225 818 3302 monitiones,
850 3224 1087 3308 increpationes,
1121 3223 1252 3289 virtutes
1283 3232 1314 3290 et

90 3325 171 3408 uitia,
194 3347 292 3415 opera
313 3329 378 3396 siue
403 3331 514 3397 merita
537 3331 618 3398 bona
640 3339 669 3397 et
688 3331 777 3408 mala,
803 3330 909 3396 laudes
932 3338 964 3396 ct
987 3330 1151 3415 vituperia,
1177 3330 1314 3414 praemia

90 3441 117 3498 et
141 3436 304 3522 supplicia.
329 3474 372 3484 -
396 3436 512 3504 Deinde
537 3438 814 3503 inhumanissimus
838 3445 895 3516 est,
921 3445 1027 3521 utpote
1051 3444 1237 3502 corruertens
1259 3437 1313 3502 ho-

92 3541 202 3610 minem
230 3543 261 3610 in
285 3541 415 3610 bestiam
441 3543 488 3610 vel
514 3545 617 3628 potius
641 3545 670 3610 in
697 3553 856 3623 truncum,
880 3551 935 3610 ant
959 3544 1098 3630 quolibet
1122 3544 1236 3610 horum
1260 3543 1313 3609 de-

92 3651 236 3716 teriorem
268 3649 394 3730 iaciens,
425 3650 550 3736 quando
578 3669 678 3737 aequa
702 3651 884 3717 necessitate
918 3658 1101 3734 premantur
1130 3652 1251 3728 ornnia;
1283 3658 1314 3717 et

92 3755 172 3822 silus
196 3763 320 3823 tantum
345 3757 450 3836 homo,
474 3757 498 3824 si
523 3757 599 3842 quid
623 3765 741 3842 peccet,
764 3758 788 3823 si
815 3757 906 3824 modo
930 3775 1059 3842 peccare
1082 3757 1233 3823 dicendus
1263 3757 1314 3836 sit,

91 3863 241 3948 supplicio
263 3863 436 3942 alliciatur;
454 3900 497 3910 -
512 3864 549 3930 ad
575 3864 651 3931 hacc
675 3863 887 3948 impiissimus,
904 3870 1011 3948 utputo
1029 3863 1185 3948 religionis
1208 3863 1315 3930 cuius·

91 3983 148 4051 que
172 3977 236 4036 tam
261 3967 354 4036 salsae
377 3987 472 4055 quam
501 3987 591 4037 verae
616 3987 734 4055 preces,
760 3969 851 4046 ritus,
876 3971 1067 4036 ceremonias
1090 3977 1121 4036 et
1152 3971 1254 4036 otlicia
1276 3969 1314 4036 de

92 4076 188 4142 medio
213 4075 342 4155 tollens;
368 4114 411 4124 -
436 4085 593 4162 postremo
616 4077 753 4142 maxime
777 4075 989 4160 blasphemus,
1015 4084 1122 4162 utpote
1148 4077 1245 4144 Deum
1270 4077 1314 4142 la-

91 4181 171 4250 tiens
194 4182 468 4250 sceleratissimum
493 4191 524 4250 et
548 4182 790 4268 iniquissimum,
809 4183 895 4248 uelut
913 4183 1052 4250 omnium
1079 4183 1196 4268 ubique
1219 4184 1315 4250 scele-

93 4305 158 4356 rum
184 4297 347 4357 auctorem
371 4297 402 4356 et
434 4289 575 4356 homines
599 4289 665 4357 sine
696 4307 791 4356 causa
822 4289 977 4374 culpaque
1010 4290 1201 4374 punientem.
1235 4291 1314 4357 llaec

91 4397 167 4464 enim
191 4397 297 4464 emnia
320 4397 467 4484 consequi
493 4405 656 4482 perempto
682 4396 779 4464 libero
804 4396 937 4462 hominis
960 4397 1092 4463 arbitrio
1115 4406 1145 4464 ct
1173 4397 1315 4464 absoluta

92 4505 228 4572 omniunt
252 4521 360 4571 rerum
384 4503 566 4572 necessitate
592 4509 726 4588 recepta,
742 4503 796 4588 qui
821 4521 882 4568 non
906 4511 1024 4582 cernat,
1040 4505 1151 4588 opinor
1175 4521 1242 4570 esse
1266 4523 1315 4571 ne·
