3378 5082
398 299 441 368 34
541 390 544 400 Ι
711 320 906 370 murmurio
929 320 1162 372 curnenurusm
1183 321 1301 370 cruror.

398 461 609 529 congressum.
634 445 672 511 Ut
694 443 776 514 euim
801 463 893 512 canes
916 445 947 512 in
983 444 1180 532 sterquilinio
1213 464 1272 513 suo
1307 446 1422 513 latrant
1455 443 1627 524 audacius,
1686 421 1687 440 ³

240 563 375 664 cffiboffi'ff'
398 550 473 617 loris
498 567 572 617 uero
594 558 668 618 suut
692 551 879 620 timidiores:
904 552 947 620 ita
969 569 1097 638 quoque
1120 552 1268 620 haeretici
1293 552 1477 620 fortissimos
1492 571 1627 639 semper

364 650 369 661 '
398 657 531 725 victores
555 657 635 725 inter
658 676 732 726 suos
754 665 862 744 agunt,
886 659 967 726 inter
982 659 1059 726 alios
1075 677 1150 726 vero
1166 658 1353 726 timidissimi
1369 659 1623 744 conspiciuntur.

485 763 630 833 Ceterum
654 765 700 832 uti
736 765 889 850 scriptum
923 773 987 832 est:
1023 766 1114 832 Laus
1145 765 1326 851 impiorum
1359 763 1467 832 breuis
1500 776 1559 843 cst,
1593 776 1625 832 at

253 883 337 938 lolio.
352 885 373 930 ⁵·
394 872 560 959 quodiam
584 869 775 960 hypocritae
798 873 908 939 instar
928 872 1048 958 puncti
1054 896 1066 950 ;
1095 872 1210 939 veritas
1232 879 1339 939 autem
1368 871 1431 938 lilia
1467 873 1624 958 temporis

395 979 436 1046 ab
457 979 594 1064 antiquis
616 978 709 1057 dicta,
734 979 781 1045 vel
805 977 911 1045 inritis
926 977 1120 1064 quibuslibet
1135 978 1287 1063 tyrannis,
1305 978 1428 1046 tandem
1449 978 1623 1064 aliquando

229 1097 373 1197 mm·
396 1086 456 1153 sub
479 1085 562 1153 iusto
585 1083 686 1152 iudice
709 1085 820 1152 vincet.
844 1085 1066 1170 Quamobrem,
1090 1092 1127 1152 ut
1149 1085 1232 1170 quod
1259 1085 1432 1170 praedictas
1447 1084 1488 1151 ob
1507 1103 1623 1153 causas

230 1163 374 1252 catull*
396 1210 500 1259 coram
525 1192 592 1258 lieri
618 1210 677 1258 non
712 1191 808 1271 licuit,
842 1192 987 1260 absentes
1017 1211 1101 1260 nunc
1134 1210 1263 1278 quoquo
1292 1191 1383 1258 modo
1411 1199 1622 1277 praestemus,

397 1298 578 1384 responsuri
604 1298 705 1383 primo
727 1299 853 1385 quidem
876 1299 1085 1366 accusationis
1107 1305 1232 1366 nostrae
1252 1297 1402 1365 articulos
1417 1297 1528 1364 ordine
1544 1317 1621 1384 pro

395 1423 558 1492 ponemus.
583 1405 699 1471 Deinde
722 1405 929 1472 subiicientur
952 1405 990 1472 ad
1014 1405 1153 1491 singulos
1177 1422 1326 1489 responsa
1348 1403 1618 1472 adversariorum.

395 1514 555 1579 Postremo
577 1511 708 1597 singulis
730 1529 840 1578 eorum
865 1511 1120 1598 responsionibus
1143 1510 1282 1597 singulas
1304 1510 1409 1579 itidem
1426 1529 1467 1578 ex
1484 1510 1621 1578 adverso

395 1618 621 1685 confutationes
656 1625 778 1686 nostras
808 1637 1012 1704 opponemus,
1048 1619 1090 1686 ita
1120 1618 1278 1686 delensuri
1303 1618 1406 1697 iidem,
1436 1618 1619 1696 Ecclesiam,

394 1731 600 1802 sacramenta,
624 1724 843 1802 sacerdotium,
867 1732 898 1792 et
931 1725 1059 1792 omnino
1093 1732 1209 1791 statum
1237 1724 1443 1810 ordinemque
1465 1725 1620 1792 Ecclesia-

395 1831 518 1910 stioum,
541 1838 577 1896 ut
599 1830 760 1909 abusibus,
785 1848 841 1897 seu
865 1831 947 1898 vitiis
971 1831 1008 1914 (si
1033 1849 1115 1916 quae
1138 1831 1213 1912 sint)
1237 1829 1480 1897 ministrantium
1505 1831 1537 1897 in
1563 1831 1621 1898 Ec-

394 1936 487 2004 clesia
521 1935 717 2004 sacerdotum
755 1937 941 2022 patrocinari
978 1937 1222 2023 haudquaquam
1259 1937 1392 2004 velimus
1407 1937 1426 2002 ¹.
1452 1938 1549 2004 Porro
1586 1937 1620 2003 in

395 2043 569 2128 praesentia
592 2042 718 2128 quidem
743 2061 800 2110 ceu
825 2043 945 2110 velitari
969 2043 1104 2129 quodam
1129 2043 1299 2111 certamine
1322 2061 1416 2128 quam
1433 2043 1621 2111 breuissime
1686 2121 1687 2124 Ἴ

394 2150 487 2216 simul
512 2159 543 2216 et
566 2149 739 2216 clarissime
761 2167 890 2235 agemus
913 2150 1027 2230 omnia,
1052 2150 1236 2234 praesertim
1262 2150 1314 2216 ubi
1338 2149 1377 2216 ad
1401 2150 1542 2236 singulos
1564 2169 1619 2216 ar·
1686 2223 1687 2232 ,

395 2257 506 2323 liculos
530 2263 715 2342 perventum
740 2256 845 2334 luerit,
869 2255 964 2341 idque
998 2274 1142 2324 sermone
1176 2274 1307 2342 prorsus
1337 2257 1557 2341 extemporali,
1581 2275 1620 2322 ac
1686 2265 1687 2284 ¹

396 2362 618 2448 propemodum
643 2364 793 2448 neglecto,
818 2382 878 2429 non
905 2370 966 2428 tam
992 2363 1161 2430 verborum
1186 2362 1291 2442 liores,
1307 2381 1401 2448 quam
1419 2380 1526 2430 rerum
1546 2382 1621 2448 pon·

240 2483 369 2582 pernaso
394 2469 469 2536 dora
492 2487 587 2537 curae
613 2469 943 2554 babituri-Siquidem
969 2469 999 2535 in
1024 2469 1120 2536 rebus
1156 2469 1376 2536 Ecclesiasticis
1398 2472 1490 2552 (teste
1514 2467 1619 2537 lliero·

263 2549 365 2584 'm'
396 2577 500 2660 nymo)
525 2594 585 2642 non
612 2576 717 2654 verba,
742 2575 794 2642 sed
819 2593 931 2642 sensus
953 2582 1162 2661 quaeruntur.
1189 2575 1296 2642 Postea
1320 2593 1395 2643 vero
1418 2576 1448 2642 si·
1467 2575 1544 2660 quid
1569 2576 1620 2643 bis

394 2683 550 2749 obiectum
575 2681 799 2769 acceperimus,
824 2691 891 2748 tum
916 2683 998 2749 serio
1021 2681 1194 2748 instaurata
1223 2700 1328 2767 pugna
1350 2701 1368 2748 a
1391 2683 1492 2768 capite
1516 2701 1620 2770 usque
1686 2681 1687 2688 ’

395 2789 433 2856 ad
456 2789 571 2856 calcem
597 2790 701 2855 omnia
725 2796 913 2867 retexentes,
938 2790 1021 2855 lusto
1054 2789 1210 2856 uolumine
1243 2806 1315 2855 cum
1351 2789 1540 2856 adversariis
1565 2808 1621 2856 no-

236 2910 372 3010 nauffinna
395 2897 469 2962 stris
492 2895 740 2982 congrediemur.
765 2896 923 2962 Constabit
947 2902 1051 2962 antem
1078 2897 1154 2963 llaec
1189 2904 1296 2962 nostra
1330 2895 1467 2962 volitatio
1502 2895 1619 2981 triplici

258 2975 285 3020 μ
331 2977 352 3010 ⁰'
395 3021 574 3088 congressu.
601 3003 739 3069 Priruua
763 3003 996 3087 inscriptionem
1014 3021 1069 3070 seu
1088 3003 1214 3070 titulum
1240 3003 1450 3087 responsionis
1472 3002 1620 3071 aduersa-

396 3109 514 3176 riorum
541 3111 684 3194 protinns
708 3109 840 3176 invadet.
866 3109 1038 3175 Secundus
1054 3128 1129 3176 vero
1153 3109 1260 3194 paucis
1276 3109 1462 3194 quibusdam
1479 3109 1621 3176 axionra-

396 3217 434 3282 tis
458 3223 605 3302 tanquam
631 3217 660 3282 in
685 3217 782 3284 aciem
807 3215 970 3283 instructis
994 3234 1116 3282 omnem
1150 3216 1243 3282 simul
1277 3216 1408 3282 istorum
1440 3215 1618 3282 doctrinam

393 3323 587 3408 oppugnabit
618 3323 648 3389 in
680 3323 862 3390 universum
893 3329 1079 3389 ostensurus
1113 3339 1181 3388 eam
1218 3341 1357 3408 pravam,
1392 3321 1549 3389 infidelem
1587 3331 1618 3390 et

395 3429 582 3496 haereticam
607 3447 684 3497 esse.
717 3429 845 3496 Tertius
868 3429 1003 3516 donique
1035 3447 1106 3496 cum
1139 3447 1331 3515 unoquoque
1354 3429 1534 3515 siugulatim
1559 3429 1619 3496 col-

395 3535 574 3602 luctabitur.
600 3538 637 3603 Ut
661 3538 757 3622 igitur
793 3537 890 3623 (quod
921 3536 997 3604 lelix
1031 3536 1233 3622 faustumque
1269 3537 1321 3620 sit)
1355 3536 1499 3603 instituto
1530 3538 1620 3621 operi

395 3658 507 3708 manus
530 3641 746 3722 admoliamur,
771 3643 901 3729 prodeat
923 3643 953 3708 in
979 3641 1116 3709 medium
1141 3643 1253 3710 titulus
1276 3643 1486 3727 responsionis
1506 3641 1620 3710 adver·

395 3747 550 3814 sariorum
576 3749 619 3814 ita
643 3749 780 3816 babens:

483 3851 530 3938 (8)
555 3856 633 3922 llaec
657 3865 730 3922 sunt
755 3857 933 3941 respousa²
957 3855 994 3922 ad
1018 3855 1168 3922 articulos
1198 3875 1279 3941 qnos
1310 3855 1449 3942 Episcopi
1474 3863 1506 3922 et
1531 3874 1619 3942 prae·

397 3961 447 4026 lati
473 3961 503 4027 in
528 3980 624 4048 regno
648 3963 762 4030 llaniae
787 3963 978 4048 Evangelicis
1002 3963 1275 4029 concionatoribus
1297 3963 1491 4029 obiecerunt.

466 4248 474 4278 ¹
496 4250 610 4315 idipsum
630 4255 788 4316 protestatur
807 4247 974 4300 llcrborneus
994 4249 1019 4300 in
1038 4246 1161 4300 omnibus
1180 4249 1234 4300 suis
1252 4247 1386 4313 operibus,

465 4335 475 4368 ²
495 4339 624 4390 llnclcnns
644 4337 779 4405 Praefatio
798 4337 925 4402 impressa
946 4337 1115 4390 iuvenilium
1131 4335 1357 4392 commentatione
1377 4337 1494 4390 Doctoris
1507 4337 1618 4407 Eugeia·

395 4427 445 4494 lost
468 4428 501 4480 de
529 4428 586 4494 ipso
611 4429 659 4480 lnoc
692 4441 772 4492 opere
801 4425 837 4492 (ln
865 4425 1060 4490 programmate
1089 4426 1269 4480 Universitctis
1297 4427 1443 4480 llalniensls
1473 4426 1542 4479 l8l7
1571 4441 1618 4494 pp.

395 4516 495 4584 dull).
