3384 5082
351 304 416 370 idi
763 321 1010 370 nnnnuuenruu
1033 321 1164 370 notauit.

350 463 436 531 gnas.
461 446 535 512 Nam
560 444 717 514 suscitabo
740 444 927 525 famelicum,
950 445 1005 532 qui
1020 445 1184 513 devorabit
1204 445 1421 514 desiderabilia
1442 463 1572 524 eornm;

350 551 496 618 intestina
520 552 600 618 mala
623 569 684 618 non
709 549 854 619 deficient
876 558 908 620 et
929 551 1102 620 discordiae
1117 551 1340 632 abundabunl;
1364 553 1449 620 stulti
1471 551 1572 619 domi-

351 657 523 738 nabuntur,
547 666 578 724 et
601 675 691 726 senes
717 667 749 726 et
772 659 927 744 sapientes
951 677 1012 724 non
1038 657 1186 726 levabunt
1208 667 1320 745 caput;
1346 660 1445 726 bonor
1467 667 1497 726 et
1518 677 1576 725 re-

351 763 427 832 citas
451 771 701 850 prosternentur,
723 764 822 832 donec
846 763 958 844 veniat,
981 765 1036 851 qui
1061 765 1194 851 placabit
1217 765 1295 832 iram
1319 783 1432 845 meam,
1453 773 1484 833 et
1511 765 1570 851 qui
1683 779 1684 844 j

350 870 472 938 animae
495 889 570 939 suae
594 889 655 937 non
680 879 786 956 parcet
810 889 868 956 pro
890 871 1056 958 aequitatis
1078 872 1230 939 charitate
1245 899 1276 938 ι.

439 973 532 1045 Libro
555 975 669 1067 quarto
691 994 760 1066 cap.
783 976 877 1047 m.
902 978 992 1045 Beata
1016 978 1111 1063 Virgo
1134 978 1228 1045 llaria
1253 979 1419 1046 haecdicit
1440 979 1477 1045 ad
1499 996 1573 1044 san-
1683 1029 1684 1066 g

353 1091 433 1150 cmm
458 1083 636 1170 birgittam:
1683 1075 1684 1078 ’

446 1216 462 1248 «
478 1189 643 1269 scribitur,
664 1191 748 1276 quod
774 1192 888 1258 Paulus
912 1191 962 1258 ille
986 1191 1087 1258 ltonus
1103 1191 1267 1277 Apostolus
1280 1191 1373 1271 dixit,
1389 1209 1423 1260 se
1442 1209 1506 1260 esse
1521 1209 1571 1258 sa-

352 1297 487 1382 pientem
510 1296 666 1382 quendam
690 1315 795 1364 coram
821 1298 960 1383 principe
984 1299 1047 1376 illo,
1071 1299 1125 1384 qtri
1151 1299 1275 1374 lenum
1299 1299 1517 1384 captivaverat,
1539 1307 1573 1364 et

354 1403 478 1470 Petrum
504 1403 625 1471 vocavit
648 1423 758 1472 verum
785 1421 966 1490 pauperem.
993 1405 1028 1472 Et
1051 1422 1111 1471 non
1137 1405 1275 1490 peccarit
1300 1405 1414 1472 Paulus
1445 1405 1475 1472 in
1503 1406 1573 1481 boc,
1683 1443 1684 1462 i

351 1510 426 1596 quia
451 1510 546 1578 uerba
569 1528 627 1578 sua
650 1520 740 1578 eraut
762 1511 800 1578 ad
819 1513 968 1578 bonorem
987 1511 1051 1578 Dei.
1076 1511 1125 1578 Sic
1147 1519 1194 1579 est
1217 1513 1310 1579 etiam
1335 1530 1407 1579 cum
1433 1511 1571 1597 illisqui

353 1617 449 1683 verba
474 1616 526 1683 liei
553 1617 662 1684 volunt
684 1625 715 1684 et
737 1617 916 1686 desiderant
940 1617 1045 1704 loqui;
1069 1619 1190 1703 quiesi
1216 1636 1277 1684 non
1303 1625 1435 1704 possunt
1458 1619 1575 1684 intrare
1683 1629 1684 1702 ξ

352 1722 391 1790 ad
414 1723 566 1802 dominos,
590 1722 649 1790 nisi
675 1725 826 1792 baberent
849 1724 974 1790 indutas
997 1731 1209 1810 competentes
1233 1731 1344 1802 restes,
1362 1743 1423 1790 non
1449 1729 1578 1810 peccant

353 1827 510 1896 induendo
526 1847 588 1908 eas,
604 1830 776 1896 dummodo
799 1849 913 1898 aurum
930 1839 961 1898 et
978 1839 1079 1898 vestes
1093 1837 1126 1898 et
1141 1830 1257 1916 lapides
1281 1831 1434 1916 pretiosos
1450 1849 1509 1896 non
1527 1847 1575 1897 rc·
1683 1829 1684 1840 ’

354 1943 502 2020 putarent
525 1936 725 2021 pretiosiores
749 1937 779 2004 in
800 1938 959 2004 uoluntate
974 1943 1005 2004 et
1021 1936 1124 2014 corde,
1140 1954 1235 2022 qnam
1251 1943 1377 2004 6666666
1394 1937 1577 2004 vestimenta

353 2042 492 2128 antiqua,
515 2043 590 2128 quia
612 2043 717 2109 omnia
740 2061 947 2130 quaecunque
970 2051 1122 2129 apparent
1146 2043 1290 2129 pretiosa,
1314 2051 1389 2110 sunt
1411 2051 1497 2111 terra
1511 2069 1542 2108 s.

442 2145 478 2216 In
500 2145 636 2217 eiusdem
658 2145 733 2216 libri
757 2147 862 2238 capite
884 2145 1019 2218 XXXVI.
1038 2150 1120 2217 Deris
1136 2148 1275 2235 loquitur
1291 2149 1330 2216 ad
1354 2157 1493 2218 sanctam
1511 2149 1575 2215 Bir-

354 2255 462 2341 giltam
488 2254 573 2322 bisce
597 2254 718 2322 verbis:

447 2387 463 2419 ι
481 2359 556 2428 Vide
580 2379 674 2441 nunc,
690 2361 766 2447 quid
783 2360 896 2429 inimici
915 2362 974 2428 mei
991 2360 1109 2428 iaciunt
1124 2369 1233 2428 contra
1249 2379 1296 2440 ea,
1312 2379 1394 2446 quae
1409 2361 1501 2428 antici
1519 2361 1578 2427 mei

354 2467 496 2534 lecerunt
519 2468 603 2533 olim.
631 2469 770 2554 Denique
792 2467 881 2534 amici
908 2469 967 2534 litei
993 2467 1248 2553 ingrediebantur
1265 2467 1453 2534 ittonasteria
1476 2485 1516 2534 ex
1542 2467 1580 2533 ti·
1683 2457 1684 2522 t

356 2591 443 2639 more
466 2573 601 2640 discreto
623 2582 655 2640 et
677 2574 781 2641 divina
804 2574 965 2642 ebaritate.
991 2574 1049 2641 Sed
1075 2573 1104 2639 bi
1129 2573 1183 2659 qui
1209 2591 1292 2642 nunc
1314 2581 1390 2642 sunt
1417 2575 1446 2640 in
1473 2592 1581 2642 mona·
1683 2571 1684 2640 3

355 2680 468 2758 storiis,
487 2679 603 2746 uadum
628 2680 657 2746 io
683 2679 834 2747 mundum
854 2698 911 2765 pro
927 2680 1074 2765 stipierbia
1089 2687 1121 2746 et
1143 2681 1323 2765 eupiditate,
1340 2681 1491 2748 babentes
1508 2699 1581 2766 pro·
1683 2665 1684 2738 j

356 2787 454 2872 priam
482 2786 671 2852 voluntatem
697 2787 907 2872 iacientesque
938 2789 1080 2872 corporis
1110 2787 1158 2854 sui
1183 2787 1419 2854 oblectamenta.
1445 2787 1580 2854 istorum

355 2911 440 2978 ergo,
465 2893 518 2978 qui
544 2892 574 2958 in
600 2893 651 2959 lali
679 2893 836 2959 voluntate
862 2893 1053 2972 moriuntur,
1077 2893 1194 2960 iustitia
1217 2901 1276 2971 est,
1307 2893 1392 2979 quod
1424 2911 1485 2960 non
1511 2911 1582 2960 sen·
1683 2965 1684 2976 ,

357 3001 434 3065 liant
457 3017 514 3066 nec
537 2999 697 3066 obtineant
720 2998 868 3084 gaudium
892 3000 1036 3078 coeleste,
1060 2999 1112 3068 sed
1146 3017 1275 3085 poenam
1306 3001 1335 3065 in
1361 2999 1483 3066 interno
1514 2999 1583 3066 sine

357 3106 427 3173 bne.
452 3105 534 3172 Scito
557 3105 649 3172 etiam
673 3106 757 3190 qttod
782 3106 976 3184 claustrales,
999 3107 1053 3191 qni
1078 3111 1234 3192 coguntur
1258 3113 1368 3172 contra
1397 3105 1476 3172 velle
1509 3123 1583 3191 pro-
1683 3187 1684 3190 Ἴ

357 3213 460 3299 prium
484 3230 525 3278 ex
549 3211 653 3279 divina
677 3213 828 3279 cbarilate
845 3211 912 3278 beri
932 3211 1072 3296 praelati,
1097 3231 1156 3278 non
1174 3217 1248 3278 sunt
1271 3211 1301 3278 in
1320 3211 1428 3278 eodem
1447 3229 1584 3278 numero
1683 3247 1684 3274 1

356 3317 567 3405 computandi.
592 3318 701 3385 llilites
725 3336 861 3405 quoque,
885 3317 938 3403 qui
963 3318 1036 3384 olim
1062 3319 1226 3403 portabant
1249 3335 1347 3396 arma,
1368 3315 1467 3402 parati
1491 3324 1585 3384 erant

357 3426 432 3493 dare
456 3425 550 3492 vitam
576 3443 634 3510 pro
657 3424 776 3492 iustitia
799 3432 829 3491 et
851 3424 1013 3492 ellnndere
1036 3423 1220 3509 sanguinem
1244 3431 1375 3508 propter
1399 3423 1491 3490 fidem
1517 3442 1583 3490 san·
1683 3467 1684 3480 ,

357 3544 450 3610 ctam,
474 3532 646 3618 indigentes
670 3531 881 3616 promovendo
904 3531 940 3598 ad
974 3531 1134 3611 iustitiam,
1162 3531 1323 3616 malosque
1346 3529 1501 3597 iaciebant
1530 3530 1583 3597 de
1683 3555 1684 3558 ¹

358 3641 494 3726 primore
517 3647 549 3704 et
573 3638 747 3704 bumiliare.
774 3637 831 3704 Sed
856 3655 940 3704 nunc
963 3636 1047 3716 atrdi,
1070 3637 1226 3722 quomodo
1248 3637 1350 3704 aversi
1375 3643 1459 3703 sunt.
1482 3636 1584 3704 Placet

358 3747 474 3832 quippe
499 3763 582 3812 nunc
605 3745 650 3812 eis
674 3744 771 3830 magis
794 3745 872 3810 mori
898 3745 928 3810 in
951 3743 1031 3810 bello
1055 3762 1112 3828 pro
1134 3742 1282 3828 superbia
1305 3749 1336 3810 et
1359 3741 1530 3828 cupiditate
1553 3752 1583 3809 et

358 3850 484 3930 inuidia,
508 3850 599 3917 iuxta
620 3849 788 3916 diabolicas
812 3849 1036 3935 suggestiones
1052 3866 1146 3934 quiam
1163 3847 1335 3916 secundum
1353 3846 1498 3914 mandata
1516 3865 1584 3914 mea

359 3957 465 4024 virere
488 3957 525 4024 ad
550 3955 753 4023 obtinendum
777 3954 925 4041 gaudium
950 3955 1185 4039 sempiternum.
1211 3955 1291 4040 Ergo
1314 3971 1433 4032 omnes,
1464 3954 1519 4040 qui
1553 3955 1583 4021 in

360 4064 411 4130 tali
436 4063 596 4129 uoluntate
621 4061 812 4140 moriuntur,
846 4060 973 4128 dabitur
1003 4061 1049 4128 eis
1071 4060 1259 4145 stipendium
1290 4079 1332 4128 ex
1357 4060 1472 4128 iudicio
1495 4061 1583 4128 iusti·
1683 4051 1684 4056 ’

361 4172 431 4249 tiae,
454 4170 514 4236 boc
537 4177 594 4246 est,
619 4169 702 4254 quod
727 4167 888 4235 dabuntur
910 4167 1117 4234 daemonibus
1140 4167 1170 4234 in
1188 4167 1377 4252 stipendium
1402 4167 1433 4233 in
1457 4175 1584 4234 aeterna

360 4294 470 4343 eorum
494 4276 721 4342 coniunctione.
747 4275 780 4339 lli
808 4291 881 4340 vero
916 4275 969 4360 qui
996 4274 1070 4340 mibi
1107 4273 1259 4354 seruiunt,
1284 4280 1431 4341 tenentur
1467 4273 1583 4342 babere

361 4381 548 4468 stipendium
573 4399 644 4449 cum
669 4381 792 4449 coelesti
818 4380 961 4448 exercitu
986 4381 1051 4447 sine
1075 4380 1136 4447 boe
1153 4407 1182 4445 ».
