3384 5082
540 341 669 390 rnnrtus
691 341 896 390 counonsscs.
1264 324 1328 391 Edd

100 465 326 550 apostotorum
353 465 490 550 vestigiis
519 484 576 552 per
599 466 702 534 omnia
733 466 920 546 insistentes,
950 466 1089 534 demiror
1113 468 1229 534 nnllam
1261 467 1329 534 lieri

102 571 164 638 hoc
192 571 263 639 loco
286 571 393 640 ieiunii
418 572 618 650 mentionem,
634 590 706 640 cum
724 574 894 658 prophetae
909 582 940 640 et
955 573 1099 641 doctores
1122 573 1164 639 illi
1190 575 1219 639 in
1237 573 1331 640 Paulo

97 687 133 744 et
159 679 306 745 Bannatia
328 677 509 745 ordinandis
532 677 686 746 ieiunasse
708 678 935 746 describantur.
954 679 1010 746 Sed
1035 679 1111 747 adeo
1134 679 1251 746 scilicet
1267 685 1332 746 tota

99 785 285 870 spiritualis
307 792 355 852 est
378 785 438 852 iam
463 785 582 871 pridem
610 786 743 853 Ecclesia
765 794 880 866 vestra,
904 795 939 853 nt
966 804 1023 872 per
1048 793 1182 854 vestram
1206 786 1331 853 liherta·

102 901 166 958 mm
194 893 287 960 istam
304 893 392 958 nullo
409 893 537 978 posthac
553 899 642 978 egeat
657 892 783 970 ieiunio,
799 911 863 978 qno
879 894 982 960 carnis
1007 893 1134 960 rebellio
1157 893 1329 960 edometur.

195 1000 356 1080 Ceterum,
373 999 456 1084 quod
477 1001 507 1066 in
525 999 609 1066 calce
625 999 721 1066 huius
736 999 859 1066 articuli
878 999 1069 1067 manifestam
1087 1000 1192 1085 populi
1210 999 1332 1066 idolola-

100 1107 200 1173 triam
217 1107 276 1173 ista
290 1105 483 1173 ordinatione
501 1113 604 1174 uestra
621 1106 769 1173 committi
788 1106 875 1172 vohis
889 1105 1045 1174 obiectum
1058 1115 1115 1186 est,
1131 1107 1190 1173 hoc
1207 1107 1248 1172 ite
1264 1123 1332 1175 esse

101 1213 198 1280 nohis
223 1213 352 1280 omnino
376 1230 561 1298 persuasum
595 1213 756 1280 hahemus.
781 1214 854 1279 Nam
888 1213 978 1280 iuxta
1001 1213 1203 1280 merissimam
1235 1213 1331 1278 Evan-

100 1319 176 1405 gelii
205 1320 369 1387 historiam
394 1320 453 1402 (uti
479 1318 539 1386 suh
563 1319 696 1386 articulo
719 1320 791 1385 lllll.
810 1322 820 1360 ¹
841 1319 958 1386 dictum
990 1324 1051 1394 estl
1074 1320 1243 1386 auctoritas
1266 1319 1331 1388 sive

103 1433 249 1510 potestas
270 1425 380 1511 agendi
405 1443 519 1494 coenae
542 1425 713 1492 dominicae
736 1426 919 1512 mysterium
945 1427 988 1510 (in
1014 1445 1077 1512 quo
1104 1426 1248 1493 Christus
1272 1426 1331 1492 tria

103 1531 191 1611 lecit,
217 1549 329 1617 nempe
354 1532 443 1618 panis
465 1550 501 1598 ac
525 1533 588 1597 vini
613 1532 644 1597 in
661 1533 802 1617 corporis
824 1541 855 1598 el
877 1532 1038 1618 sanguinis
1053 1531 1101 1598 sul
1126 1533 1331 1599 consecratio-

103 1657 190 1718 nem,
216 1637 405 1706 nhlationem
430 1647 461 1706 et
483 1639 746 1717 distributionem,
763 1645 794 1705 et
816 1639 922 1706 eadem
940 1639 1006 1705 suis
1020 1638 1139 1724 agenda
1161 1638 1331 1724 praecepit)

103 1746 182 1812 solis
206 1744 360 1832 rlpostolis
383 1744 607 1830 discipulisque
631 1753 697 1811 tum
722 1744 938 1829 praesentibus
961 1751 1123 1812 eteorum
1147 1745 1333 1812 successori·

105 1850 167 1918 hus
192 1849 309 1917 tradita
331 1858 388 1917 est.
413 1851 616 1944 Srtccessores
638 1857 742 1917 antem
765 1868 875 1917 eorum
900 1859 974 1918 sunt
997 1850 1027 1920 in
1059 1849 1258 1917 sacerdotalis
1279 1868 1331 1917 or·

103 1955 189 2024 dinis
216 1964 379 2042 potestate,
402 1973 496 2042 quam
521 1956 595 2024 inihi
627 1957 779 2042 geminam
812 1975 880 2024 esse
909 1956 1058 2034 diximus,
1090 1973 1201 2042 nempe
1224 1974 1332 2024 conse-

104 2062 219 2129 crandi
245 2080 356 2129 verum
380 2079 496 2147 corpus
518 2062 632 2130 Christi
657 2071 688 2129 et
710 2062 888 2130 absolvendi
913 2081 1028 2148 corpus
1060 2063 1225 2147 mysticum
1249 2064 1331 2130 eius-

104 2167 190 2248 dem,
216 2186 326 2236 omnes
349 2175 381 2235 et
404 2169 460 2236 soli
484 2169 660 2236 sacerdotes
677 2169 888 2236 Ecclesiastico
905 2170 967 2236 ritn
993 2170 1144 2236 hactenus
1167 2169 1332 2237 observato

107 2293 165 2359 per
191 2275 359 2360 Episcopus
382 2275 526 2353 ordinati,
555 2275 817 2360 quemadmodum
842 2276 882 2342 ah
913 2275 1000 2342 initio
1023 2277 1175 2344 hactenus
1200 2277 1332 2343 Ecclesia

107 2379 162 2447 liei
187 2381 367 2448 observavit
390 2389 422 2449 et
443 2380 611 2448 orthodoxi
635 2391 739 2467 patres
761 2381 799 2448 ad
824 2399 922 2448 tinum
947 2381 1036 2449 nohis
1060 2383 1102 2447 ita
1125 2382 1331 2461 tradiderunt,

106 2487 192 2572 apud
218 2505 298 2574 quos
320 2505 505 2573 germanum
531 2505 705 2574 verumque
729 2488 882 2574 Evangelii
906 2507 1032 2556 sensum
1057 2489 1152 2555 luisse
1175 2489 1206 2554 in
1230 2489 1332 2574 primo

107 2611 282 2681 congressu
305 2594 471 2662 docuimus
486 2595 509 2660 ⁸.
533 2594 602 2679 Quo
625 2595 671 2674 lit,
695 2603 732 2662 nt
753 2596 860 2662 nullus
891 2603 1053 2682 praeterea
1085 2614 1143 2662 iton
1170 2597 1331 2662 hominum

109 2702 215 2780 modo,
238 2701 292 2768 sed
316 2702 409 2768 eliam
427 2702 621 2786 angelornm,
645 2703 708 2768 imo
732 2721 771 2769 ne
793 2701 864 2768 dira
885 2701 1011 2788 quidem
1038 2703 1125 2788 virgo
1148 2703 1253 2782 Maria,
1278 2703 1330 2770 liei
1380 2713 1387 2728 ·

110 2817 224 2887 mater,
249 2807 328 2874 hanc
354 2815 536 2893 potestatem
561 2809 682 2875 haheat.
704 2809 787 2876 llanc
809 2816 912 2875 antem
937 2817 1119 2894 potestatem
1146 2809 1288 2876 homines
1314 2827 1333 2876 a

110 2913 174 2981 Deo
205 2914 364 2998 accipiunt
394 2932 455 2980 non
489 2914 635 2982 unctione
669 2932 705 2982 ac
737 2932 858 2994 rasura,
881 2932 1018 2999 ortorum
1047 2916 1247 3000 contemptim
1282 2915 1331 2982 hic

109 3021 306 3098 meministis,
330 3027 362 3087 at
386 3021 453 3106 ipso
475 3021 595 3088 ordinis
618 3030 822 3100 sacramento,
846 3023 891 3088 nti
916 3021 975 3088 suh
998 3022 1131 3087 articulo
1155 3021 1265 3087 ΧΙΙΙΙ.8
1285 3021 1332 3087 di-

108 3129 261 3206 cehatur;
285 3129 376 3196 cuins
399 3128 542 3196 minister
566 3128 695 3196 idoneus
726 3129 816 3195 iuxta
839 3128 1035 3195 traditionem
1060 3128 1130 3195 noui
1157 3128 1332 3196 testamenti

108 3243 140 3302 et
166 3234 319 3302 Ecclesiae
343 3235 513 3302 catholicae
529 3234 777 3302 observationem
800 3243 848 3302 est
871 3235 956 3300 solus
980 3234 1159 3319 Episcopus,
1183 3232 1332 3319 nnetnad-

111 3341 240 3408 modum
265 3341 325 3408 iam
357 3342 452 3408 mmel
477 3349 572 3427 atque
596 3342 710 3408 iterum
734 3360 753 3408 a
776 3340 865 3408 nohis
887 3349 1046 3407 ostensum
1070 3345 1126 3407 est.
1151 3336 1241 3422 (219)
1267 3339 1332 3407 ldo-

110 3447 234 3516 lolatria
259 3467 333 3516 uero
357 3449 463 3535 populi
485 3449 701 3528 committitur,
725 3467 786 3516 non
809 3448 841 3515 iu
865 3449 937 3540 ipsa
954 3448 1095 3532 corporis
1117 3456 1148 3515 et
1172 3447 1332 3534 sanguinis

109 3553 256 3622 dominici
281 3555 457 3640 sumptione
480 3554 519 3622 de
542 3555 687 3622 manibus
709 3571 831 3633 eornm,
859 3553 912 3640 qui
937 3554 967 3620 in
991 3553 1167 3621 sacerdotes
1185 3553 1332 3621 Ecclesia-

109 3662 188 3730 stico
213 3679 300 3728 more
323 3680 385 3728 non
417 3668 492 3728 sunt
515 3661 647 3728 ordinati
676 3661 782 3744 (ruodo
805 3661 988 3728 consisteret
1019 3661 1086 3745 ipsa
1116 3661 1331 3742 consecratio),

112 3769 234 3836 hmehi
267 3786 368 3855 neque
402 3768 560 3836 tradentes
589 3786 689 3854 neque
720 3776 880 3835 sumentes
911 3768 1001 3853 cttlpa
1027 3772 1191 3844 vacarent;
1215 3767 1268 3832 sed
1300 3767 1330 3834 in

110 3875 178 3962 ipsa
201 3875 472 3961 mutationeque
496 3875 630 3960 populus
652 3891 762 3960 panem
795 3883 826 3942 et
850 3873 956 3942 vinum
989 3891 1047 3960 pro
1069 3873 1194 3940 Christo
1224 3873 1333 3940 adorat

110 3983 197 4068 (quis
219 3982 302 4048 enim
328 3989 413 4049 recta
445 3982 506 4048 lide
537 3981 697 4066 praeditus
726 3981 823 4048 sumit
854 3981 1065 4048 Eucharistiae
1089 3987 1331 4058 sacramentum,

110 4089 164 4175 qui
189 4087 349 4156 Christum
374 4089 404 4155 in
429 4107 465 4155 ea
489 4106 549 4155 non
574 4087 730 4172 adorati),
753 4088 901 4173 qnoniam
925 4094 1107 4174 potestatem
1131 4085 1331 4154 consecrandi

183 4355 191 4384 ¹
212 4360 296 4423 Supra
319 4357 369 4410 {⁸2
387 4371 427 4426 sq.

182 4445 193 4474 ¹
212 4447 256 4500 5⁴.

183 4533 194 4561 ⁸
217 4536 275 4588 tat.
