3378 5082
390 303 433 368 48
705 321 901 372 coururarro
924 323 1155 372 nurusnarvrsur
1179 326 1296 372 nsuvcr.

390 445 509 512 loribus
533 445 727 532 propositum
752 447 803 525 sit,
826 456 881 514 aut
904 467 923 514 a
946 448 1121 516 minoribns
1144 458 1325 534 acceptum;
1350 467 1453 516 nonne
1470 451 1614 534 protinus

390 561 579 639 sequumur,
602 571 684 639 qnae
707 552 799 620 modo
821 554 1054 639 colligebamus‚
1086 573 1198 641 nempe
1228 564 1265 622 nt
1287 555 1413 622 interim
1442 565 1507 623 tota
1538 557 1615 623 tides

247 673 349 728 uren·
388 658 526 738 desierit,
550 667 586 727 ut
608 660 709 728 omnis
727 661 860 728 Ecclesia
874 661 1033 740 deiecerit,
1050 662 1247 730 hominesad
1270 679 1370 729 unum
1392 663 1555 747 perierint,
1580 673 1614 729 ut
1664 731 1670 745 ,

233 726 321 782 menda
331 725 362 771 'lle

232 780 366 878 31:132&
389 765 507 833 trustra
530 775 619 853 pater
644 767 796 834 Ecclesiae
820 773 1021 834 conservator
1038 769 1078 835 sit
1102 769 1232 853 positus,
1249 778 1285 836 ut
1308 769 1427 836 trustra
1450 769 1537 837 lilius
1559 789 1614 855 pro

225 887 370 985 ²¹¹⁰llll.⁶⁸''
388 891 425 940 ea
448 881 551 953 natus,
575 891 686 959 passus
708 879 740 941 ct
762 881 908 940 mortuus
931 875 981 953 sit,
1005 881 1042 940 ut
1063 873 1183 942 frustra
1206 875 1336 960 spiritus
1359 882 1486 942 sanctus
1512 877 1615 944 Eccle-

330 972 335 984 '
388 980 451 1048 siae
475 983 687 1067 praeceptor¹
712 981 752 1048 sit
774 981 876 1059 datus,
900 981 1038 1048 maxime
1062 999 1147 1060 vero,
1171 981 1255 1068 quod
1278 983 1309 1048 in
1332 983 1391 1048 lvoc
1414 983 1614 1067 potissimum

387 1087 518 1173 spiritus
541 1097 668 1155 sanctus
691 1088 782 1154 iuxta
806 1087 1005 1173 Evangelicas
1028 1088 1142 1154 Christi
1168 1089 1402 1174 promissiones,
1426 1107 1506 1174 quas
1523 1089 1615 1156 modo

388 1194 565 1273 retulimus
589 1195 619 1261 in
646 1195 799 1262 Ecclesiae
823 1194 1037 1280 magisterium
1063 1196 1258 1274 mississet,
1282 1202 1317 1262 ut
1349 1196 1452 1262 omnia
1475 1195 1614 1274 doceret,

386 1319 594 1386 quaecunque
616 1301 742 1368 dixerat
757 1300 913 1380 Christus,
931 1302 1104 1386 explicaret
1120 1309 1151 1368 et
1174 1321 1232 1368 nos
1252 1303 1281 1369 in
1306 1319 1430 1368 omnem
1447 1303 1613 1369 veritatem

387 1408 516 1475 harmoni
541 1407 665 1494 generis
688 1408 779 1475 saluti
805 1408 1010 1475 necessariam
1035 1407 1213 1476 adduceret.

476 1511 544 1597 (19)
568 1513 695 1594 Deinde,
712 1514 795 1600 quod
813 1532 912 1581 unum
930 1522 977 1581 est
993 1515 1271 1601 (quemadmodum
1289 1515 1496 1598 ostendimus)
1513 1515 1614 1582 Evan-

230 1631 361 1688 Qvodvnvv
386 1622 514 1708 galium,
532 1621 625 1707 idque
650 1639 709 1686 non
735 1621 766 1687 in
791 1621 891 1700 litera,
914 1629 946 1687 at
969 1622 1082 1706 spiritu
1108 1621 1255 1707 positum,
1278 1640 1342 1688 una
1375 1639 1503 1707 quoquc
1527 1639 1614 1688 corn-

223 1687 368 1794 ·ffffll
386 1727 491 1794 munis
515 1727 668 1812 Evangelii
694 1727 898 1813 intelligentia
921 1728 1093 1812 spiritualis
1109 1736 1141 1794 el
1163 1746 1238 1795 vera
1261 1727 1311 1806 sit,
1337 1745 1499 1794 necessum
1524 1735 1572 1794 est
1589 1730 1614 1808 ²,

238 1794 350 1891 'lgm
386 1833 637 1920 quandoquidem
662 1841 694 1901 et
717 1834 833 1900 veritas
856 1834 932 1919 ipsa,
963 1852 1045 1921 qnae
1076 1834 1227 1913 creditur,
1251 1853 1315 1901 una
1344 1843 1392 1901 est
1414 1842 1446 1900 et
1469 1833 1613 1912 indivisa,

385 1959 479 2026 qvvam
504 1941 635 2026 spiritus
658 1947 786 2007 sanctos
811 1941 963 2008 Ecclesiae
993 1941 1184 2027 suggesserit
1216 1942 1246 2007 in
1272 1942 1310 2007 iis
1340 1950 1436 2020 certe,
1467 1959 1550 2026 qnae
1573 1943 1614 2008 ad

385 2046 477 2114 fidem
502 2047 645 2126 attinent,
670 2055 779 2132 utpote
802 2065 884 2133 quae
907 2065 971 2113 una
994 2048 1034 2114 sit
1058 2048 1089 2113 in
1120 2048 1266 2127 Ecclesia,
1291 2047 1382 2114 sicuti
1413 2047 1505 2114 modo
1527 2049 1613 2115 dice·

333 2194 337 2202 -
384 2153 506 2232 bamam,
531 2161 562 2220 et
585 2153 749 2238 Apostolus
773 2154 803 2219 in
830 2153 970 2238 Ephesiis
992 2159 1168 2220 attestatur.
1195 2153 1268 2222 llinc
1285 2153 1429 2220 Christus
1454 2153 1612 2240 Evangelii

277 2289 279 2294 ·
383 2267 494 2328 auctor
519 2259 686 2326 Ecclesiam
710 2259 790 2344 patri
816 2277 874 2327 suo
890 2267 1035 2326 extrema
1050 2260 1190 2326 oratione
1215 2259 1267 2325 illa
1283 2257 1513 2337 commendans,
1532 2261 1612 2326 nilril

383 2383 483 2452 acque
507 2370 602 2451 atquc
626 2383 725 2432 vanum
758 2366 842 2432 lrrrnc
873 2383 1070 2432 commvrnem
1106 2366 1259 2451 Evangelii
1284 2383 1410 2433 sensnm
1440 2365 1611 2432 identidem

383 2471 410 2538 ei
435 2479 601 2556 precatur:
628 2472 740 2548 Pater,
765 2471 921 2558 iuquiens
943 2483 1067 2550 cuncto,
1092 2491 1189 2537 scruto
1212 2490 1265 2537 cos
1284 2491 1346 2557 per
1369 2491 1486 2537 nomen
1514 2481 1612 2537 tuum

383 2597 465 2667 pavos
488 2577 609 2644 dcclv'stv'
630 2575 725 2658 milvi,
750 2588 786 2645 ut
809 2579 877 2643 sint
899 2597 1006 2644 vvnuvn
1029 2578 1116 2644 sicut
1139 2588 1167 2643 et
1183 2595 1252 2644 noa.
1271 2577 1306 2643 Et
1322 2576 1406 2644 haud
1424 2577 1523 2644 multo
1540 2586 1613 2662 post

383 2685 477 2751 inibi:
503 2684 576 2751 Non
597 2704 661 2771 pro
684 2685 731 2751 eis
754 2694 865 2751 autem
890 2704 970 2772 rogo
994 2693 1137 2762 tuntum,
1169 2684 1276 2750 sedet
1301 2703 1364 2769 pro
1388 2683 1431 2749 lis
1454 2683 1514 2770 qul
1540 2703 1612 2749 cre

382 2791 492 2857 ditari
512 2800 591 2856 ancl
610 2811 673 2877 per
695 2809 879 2858 sermonem
903 2809 1017 2857 eorum
1051 2791 1086 2856 clv
1109 2809 1170 2869 me,
1203 2799 1241 2856 ut
1264 2809 1375 2856 onvnes
1398 2809 1505 2856 unum
1528 2791 1611 2868 sint,

381 2897 469 2964 dent
493 2906 540 2975 tu,
560 2906 670 2983 puter,
695 2897 729 2963 in
753 2917 816 2974 ove,
839 2905 867 2963 el
890 2917 947 2984 ego
970 2897 1005 2964 c'n
1041 2906 1080 2976 te,
1113 2907 1150 2964 ut
1176 2907 1205 2964 et
1236 2897 1303 2983 ipsi
1324 2897 1361 2962 iu
1383 2894 1477 2962 vvobis
1500 2916 1611 2964 unvvm

381 3003 460 3082 sint,
485 3011 521 3068 ut
545 3003 658 3070 credat
692 3003 840 3069 inunctus
875 3002 963 3092 qood
997 3011 1033 3068 to
1068 3023 1118 3069 mc
1140 3003 1292 3080 misens,-
1323 3013 1352 3068 et
1375 3021 1432 3090 epo
1461 3001 1611 3090 glorium

381 3129 485 3198 qoam
508 3109 628 3176 (dedisti
649 3107 744 3188 milvi,
768 3109 845 3176 dedi
866 3110 924 3189 cis,
955 3119 994 3176 vt
1023 3109 1091 3176 sint
1113 3129 1220 3176 arvum
1249 3111 1337 3175 elcut
1358 3119 1388 3176 et
1416 3128 1477 3175 noa
1500 3129 1609 3176 uuum

381 3235 509 3282 sumus.
536 3217 604 3302 Ego
628 3216 664 3282 in
687 3215 734 3282 eis
756 3223 785 3282 et
813 3223 848 3281 tu
873 3217 908 3282 io
931 3235 992 3296 nte,
1017 3225 1055 3282 ut
1084 3218 1153 3283 sicvt
1182 3216 1407 3282 consonamati
1429 3216 1465 3282 in
1488 3235 1609 3283 uonna.

382 3322 496 3390 Paulus
520 3321 625 3388 itidem
652 3322 805 3408 Evangelii
832 3340 944 3407 praeco
967 3330 998 3390 el
1021 3323 1205 3390 buccinator
1229 3323 1429 3408 praecipuus
1463 3321 1501 3390 ad
1529 3340 1611 3390 euu-

380 3427 452 3496 dem
477 3446 576 3494 unum
599 3445 797 3495 communem
824 3428 978 3514 Evangelii
1003 3446 1141 3508 sensum,
1166 3429 1252 3496 nulla
1275 3448 1337 3496 non
1362 3447 1440 3514 pene
1463 3447 1521 3496 sua
1541 3431 1610 3515 epi-

380 3534 460 3600 stola
482 3531 570 3600 nos*
594 3535 789 3613 cohortatur,
806 3535 902 3600 veluti
920 3553 984 3620 quo
1000 3535 1067 3601 loco
1084 3542 1248 3620 postquam
1273 3537 1426 3602 Romanos
1450 3535 1610 3603 membro

381 3657 453 3707 rum
479 3639 606 3706 immani
629 3639 771 3724 corporis
794 3659 889 3726 quarn
914 3640 1143 3726 elegantissima
1166 3641 1368 3708 similitudine
1391 3642 1430 3708 ad
1451 3641 1609 3708 unanimi·

211 3759 362 3815 nonime
381 3752 475 3814 tatem
499 3747 688 3814 exhortatus
712 3755 810 3826 esscl;
835 3748 913 3814 lraec
937 3746 1060 3813 tandem
1086 3748 1182 3814 verlva
1205 3747 1354 3816 subiecit:
1380 3749 1531 3836 ldlpaum
1556 3750 1609 3816 io-

379 3852 481 3919 vv'cem
505 3853 687 3931 sentientes,
711 3873 778 3919 novt
801 3851 872 3919 altu
894 3853 1068 3938 cupientes,
1085 3854 1142 3918 sed
1158 3851 1340 3920 humilibus
1363 3855 1606 3922 consentientes.

233 3941 343 4040 Βθὲῗὲῡ·
382 3957 417 4025 Et
440 3957 513 4024 alibi
538 3965 686 4044 unquam
711 3957 827 4026 (ionum
846 3957 899 4024 llei
924 3958 969 4024 cis
990 3957 1200 4045 imprecatur:
1220 3961 1318 4040 Decus,
1343 3962 1455 4048 inquit,
1478 3962 1608 4048 putian-
1684 4023 1685 4034 ,

443 4090 453 4111 ⁸
471 4103 526 4137 uon.

451 4332 460 4364 ¹
503 4338 518 4386 l.
558 4336 581 4387 l.
619 4334 671 4387 .l.
1684 4383 1685 4386 ,

450 4333 639 4490 ’ξαεὲἱεείιῗῑο
664 4421 778 4475 occurrit
803 4423 898 4474 lormn:
923 4433 1063 4476 necessum
1083 4427 1131 4485 est,
1150 4437 1175 4474 v.
1196 4435 1223 4488 g.
1241 4423 1315 4479 Mon.
1333 4426 1352 4478 E
1371 4423 1455 4478 3b.E
1476 4425 1559 4480 lb.E
1581 4429 1604 4480 5.
1684 4389 1685 4436 l

378 4509 879 4578 rt.1{b.H3b.ltt.llo.Qc.
