3390 5096
375 313 437 378 ldd
688 331 883 382 coxmnarro
906 333 1138 382 curneaarusur
1160 334 1278 382 banici.

372 455 456 522 clare
480 455 619 522 indicans
634 454 660 535 *,
685 455 908 524 contessionem
940 475 1068 544 quoque
1091 458 1284 544 presbyteris
1306 476 1375 527 esse
1406 459 1607 538 faciendam

373 561 511 630 maxime
535 579 610 630 rero
632 563 780 649 quoniam
805 564 864 647 (nti
889 564 1042 648 diximus)
1066 565 1202 634 Ecclesia
1235 566 1289 633 Dei
1325 566 1460 634 virentis
1483 569 1608 652 optima
1692 599 1693 644 1

372 668 549 754 scripturae
572 669 728 755 interpres
750 687 791 737 ex
816 670 914 738 verbo
936 670 989 738 Dei
1016 671 1057 738 ita
1079 671 1292 739 confitendum
1308 689 1377 740 esse
1393 672 1522 758 publico
1539 692 1607 741 usu

345 773 461 840 'docet
474 776 498 853 ¹,
529 781 560 840 et
594 775 763 842 orthodoxi
796 784 911 862 patres,
934 776 1017 862 apud
1052 795 1133 862 quos
1167 794 1279 845 rerum
1311 778 1365 845 Dei
1398 779 1535 846 verbum
1573 787 1608 846 et

374 879 573 965 Evangelium
598 881 694 948 luisse
718 881 748 948 in
773 882 875 967 primo
898 899 1069 968 congressu
1092 883 1259 951 docuimus
1275 884 1299 964 ¹,
1322 884 1355 950 in
1388 885 1608 952 monumentis

372 984 438 1051 suis
461 986 675 1071 multipliciter
698 987 895 1054 confirmant.

462 1092 557 1158 Porro
579 1091 663 1178 quod
689 1093 812 1160 tertiam
838 1102 958 1178 partem
976 1094 1194 1180 poenitentiae,
1211 1113 1322 1181 nempe
1337 1091 1607 1180 satisfactionem,

217 1209 347 1258 aenou
371 1197 402 1264 id
425 1206 483 1278 est,
506 1199 716 1284 expiationem
751 1207 808 1267 aut
838 1201 1025 1268 solutionem
1060 1201 1126 1268 sive
1161 1202 1406 1287 redemptionem
1445 1203 1607 1288 rubiginis

370 1305 534 1372 cuiusdam
557 1305 679 1373 animae
701 1324 720 1372 a
743 1315 869 1391 peccato
893 1313 1071 1375 contractae
1093 1325 1130 1374 ac
1154 1309 1334 1393 temporalis
1357 1327 1476 1394 poenae
1492 1310 1608 1375 cuius-

370 1411 441 1478 dam
466 1411 529 1492 (cui
555 1411 602 1479 vel
627 1412 657 1478 in
683 1413 741 1480 boc
766 1413 814 1479 rel
839 1412 869 1478 in
893 1414 1003 1480 tuturo
1027 1413 1133 1482 secmo
1157 1414 1205 1480 vel
1229 1414 1380 1481 eluendae
1403 1423 1460 1482 aut
1482 1414 1607 1500 depen-

433 1543 444 1564 ⁰
461 1542 576 1591 indicans.

443 1767 451 1798 ¹
474 1767 558 1822 Errcb.
576 1783 598 1820 c.
618 1769 664 1820 23:
687 1787 701 1814 a
714 1769 770 1821 Nou
788 1774 827 1821 sat
846 1767 921 1820 luerit
940 1769 994 1821 Deo
1013 1767 1140 1832 contlterl,
1160 1769 1207 1821 nisi
1234 1769 1313 1822 ettam
1334 1769 1454 1822 ministro
1474 1769 1531 1822 rice
1554 1769 1607 1821 Dei

372 1857 488 1922 tangenti
517 1865 623 1922 peccate
649 1858 758 1923 detegas
771 1875 796 1909 a.
816 1858 881 1909 inter
909 1857 957 1909 alia
978 1859 1043 1910 baec
1061 1855 1155 1910 babet:
1174 1856 1369 1911 Confessionem
1393 1859 1606 1912 auricularem...

372 1945 436 1997 milri
454 1946 517 1998 setis
536 1946 662 1998 Ecclesiae
682 1945 770 2010 praxis
788 1946 950 2011 interpretari
970 1945 1085 1998 videtur.
1115 1947 1205 2012 Neque
1231 1946 1301 1998 enim
1327 1947 1449 2000 existimo
1469 1953 1522 1999 mm
1542 1960 1608 2012 gra·

371 2034 510 2104 pissimum
529 2041 641 2086 causet
660 2033 705 2086 Del
726 2035 850 2088 ministris
874 2041 900 2087 et
927 2032 1121 2100 poenitentibus
1145 2033 1306 2100 impositum,
1326 2035 1376 2086 nisi
1396 2032 1444 2088 Dei
1461 2032 1540 2088 uerbo
1564 2034 1607 2088 ἐπ·

371 2120 497 2176 siccana
514 2129 540 2175 et
558 2123 637 2174 veluti
656 2121 692 2175 ub
710 2124 801 2175 oculos
820 2129 941 2188 ponente,
960 2123 1025 2190 quid
1045 2122 1162 2188 astrisque
1180 2122 1323 2188 egendum,
1336 2123 1468 2190 siquidem
1482 2123 1607 2176 mortalis

371 2211 488 2264 criminis
515 2211 586 2276 lepra
612 2211 729 2264 animum
759 2212 883 2265 iniecerit.
908 2211 939 2264 Ut
966 2209 1086 2265 uimlicel
1110 2211 1144 2263 illi
1169 2209 1267 2265 medici
1290 2211 1347 2264 loco
1366 2225 1424 2264 sese
1443 2211 1606 2264 constitutos

371 2299 463 2362 sciant,
482 2313 595 2366 querum
615 2300 729 2364 interest,
748 2301 857 2352 miseras
875 2315 905 2352 ac
924 2300 1077 2365 desperatas
1093 2299 1188 2366 alioqui
1202 2299 1374 2352 conscientias
1386 2313 1434 2365 per
1445 2300 1538 2352 viarum
1554 2299 1606 2352 Dei

372 2386 484 2440 verbum
503 2401 604 2452 sanare,
623 2388 699 2442 elisas
717 2389 827 2454 erigere,
845 2387 970 2459 infirmus
989 2386 1130 2442 obdrmare
1143 2399 1272 2454 spemque
1285 2388 1487 2454 consequendae
1505 2388 1607 2441 reniae

373 2477 500 2541 iirgerere.
519 2477 604 2543 litque
623 2475 658 2530 ob
676 2477 703 2530 id
723 2477 764 2528 rel
785 2477 817 2542 (ll
837 2477 863 2545 3)
883 2477 1105 2530 consultissimum
1121 2475 1205 2542 tuerit,
1225 2475 1385 2544 bequentius
1412 2489 1488 2530 suam
1516 2477 1608 2542 turpi-

373 2564 490 2619 tudinem
510 2565 645 2619 denudarc
665 2565 788 2630 prudenti
816 2573 841 2618 et
868 2573 977 2632 experto
994 2564 1105 2631 medion
1130 2565 1175 2632 qui
1198 2563 1353 2618 vulneribus
1372 2565 1510 2620 medendis
1529 2573 1606 2619 certa

371 2652 499 2707 adbibere
517 2661 602 2720 potest
622 2657 772 2720 phar-rneca.
791 2655 821 2706 lli
841 2669 906 2706 vero
925 2654 970 2722 qui
990 2653 1104 2719 peccetis
1122 2651 1227 2706 obnoxii
1246 2661 1315 2717 sunt,
1333 2652 1427 2706 delicta
1446 2662 1606 2720 agnoscant,

372 2741 495 2795 morbum
516 2743 667 2808 intelligant,
685 2743 759 2811 quod
778 2743 871 2795 lethale
889 2745 984 2795 vulnus
1003 2741 1130 2794 indictum
1151 2751 1198 2808 est,
1216 2748 1296 2810 etque
1309 2748 1364 2794 tum
1377 2741 1474 2795 deinde
1487 2743 1607 2810 doleant,

372 2831 546 2884 detestentur:
566 2841 648 2898 utque
675 2831 726 2884 sint
749 2830 885 2884 certissimi
905 2845 933 2884 se
961 2831 988 2884 in
1017 2831 1129 2896 greciam
1157 2836 1285 2897 receptos,
1304 2831 1337 2884 ad
1357 2845 1419 2884 eum
1438 2832 1606 2896 contugerit,

371 2920 497 2998 qul‘cum
518 2921 563 2971 tlel
582 2921 649 2988 sice,
669 2925 723 2973 turn
744 2920 872 2972 Ecclesiae
891 2921 1065 2985 perfungitur.
1085 2920 1140 2971 Hoc
1159 2919 1274 2972 voluisse
1292 2917 1423 2973 Christum
1447 2933 1509 2973 cum
1528 2921 1605 2990 (cmo

372 3013 427 3060 tum
448 3007 531 3061 verbo
548 3014 656 3061 constat.
677 3009 733 3074 (llis.
753 3009 777 3074 il,
798 3007 826 3071 ὂς
845 3009 879 3060 lo.
900 3009 942 3070 ll,
962 3007 1009 3071 ll;
1031 3008 1054 3059 l.
1068 3006 1128 3060 Cor.
1147 3007 1171 3073 3,
1185 3009 1214 3074 93
1228 3010 1253 3058 E.
1267 3007 1325 3061 Cor.
1341 3009 1431 3074 istd).
1445 3009 1607 3062 —Accedit

372 3099 439 3150 tacto
459 3095 579 3163 verbum,
600 3112 654 3164 quo
673 3095 846 3152 institutore
873 3111 921 3150 ceu
951 3095 1090 3150 insinuata
1118 3102 1157 3150 est
1183 3097 1378 3150 sacramentalis
1403 3097 1442 3150 ille
1461 3099 1606 3152 contessio.

373 3186 515 3240 lnsuitlevit
534 3185 603 3238 enirn
624 3187 647 3237 in
667 3200 714 3239 cos
731 3185 836 3239 dicens:
853 3187 995 3252 «Quorum
1015 3185 1167 3238 remiseritis
1185 3191 1233 3239 etc.
1254 3185 1301 3252 (lo.
1319 3188 1363 3250 20,
1383 3187 1456 3256 23)...
1475 3188 1606 3254 Accipite,

371 3275 464 3342 lnquit,
475 3289 523 3327 vos
535 3275 644 3340 apostoli
659 3275 792 3341 vestrique
805 3288 978 3339 comessores,
988 3274 1034 3341 qui
1050 3272 1179 3338 legatione
1189 3288 1237 3339 pre
1252 3289 1303 3338 me,
1316 3289 1399 3340 penes
1417 3290 1499 3342 quem
1514 3278 1606 3342 prima

372 3370 411 3416 est
429 3369 543 3430 potestas
562 3364 728 3417 condonandi
748 3369 863 3429 peccata,
882 3361 1042 3426 fungamini:
1061 3368 1179 3416 veebum
1204 3364 1253 3416 erit
1280 3363 1412 3416 remittere
1436 3371 1462 3418 et
1480 3365 1606 3431 retinere,

371 3467 425 3520 quo
443 3452 567 3505 certiores
586 3452 635 3504 sint
654 3449 705 3504 sibi
724 3464 819 3504 noxam
838 3449 1019 3505 condonotom
1038 3464 1120 3518 seque
1139 3450 1173 3502 ad
1185 3451 1312 3504 Ecclesiae
1326 3452 1458 3516 gremium
1479 3453 1604 3508 rediisse.

372 3540 454 3594 Vobis
472 3540 571 3605 ligandi
590 3549 616 3593 et
633 3540 762 3602 solvendi,
786 3539 935 3592 remittendi
961 3553 991 3591 ac
1020 3539 1148 3592 retinendi
1173 3545 1280 3605 peccata
1310 3541 1376 3593 lacio
1395 3541 1428 3606 (li
1447 3540 1502 3610 31))
1529 3549 1606 3608 pote-

371 3637 474 3684 statem.
495 3631 592 3682 Verum
613 3643 673 3682 cum
693 3629 748 3682 sitis
767 3628 895 3693 immines,
915 3627 1032 3694 mibique
1051 3628 1100 3680 soli
1120 3628 1200 3681 corde
1229 3633 1363 3694 patescent
1383 3630 1533 3696 bominum,
1551 3646 1606 3686 vos

372 3719 474 3780 lateant,
494 3717 723 3783 operaepretium
745 3716 821 3768 brerit
849 3713 965 3784 infirmis
990 3716 1166 3779 conscientiis,
1195 3717 1299 3781 aperire
1327 3715 1461 3784 morbum,
1481 3725 1607 3784 retegere

372 3808 477 3861 vulnus.
497 3807 562 3858 Sunt
579 3805 649 3857 enim
670 3804 778 3856 ministri
799 3803 843 3856 Dei
863 3802 957 3855 iudicis
975 3802 1032 3856 loco
1051 3804 1199 3870 constituti;
1212 3805 1284 3874 atqui
1303 3818 1392 3857 rerum
1407 3805 1604 3872 incognitarum

371 3909 450 3948 nemo
469 3895 556 3949 bonus
573 3893 659 3947 iudex.
679 3893 899 3956 Necessomergo
918 3891 974 3956 erit,
994 3899 1022 3943 ut
1041 3892 1154 3956 singula,
1173 3905 1242 3958 quae
1261 3894 1327 3946 iusta
1346 3895 1538 3948 examinatione
1557 3910 1604 3950 oc-

372 3998 478 4038 currere
496 3984 521 4036 in
540 3983 658 4036 animum
678 3987 809 4046 poterunt,
828 3980 936 4032 crimina
965 3979 1137 4044 manifestent,
1156 3994 1210 4046 quo
1230 3981 1309 4034 iudex
1333 3981 1375 4034 llle
1403 3987 1483 4049 atque
1501 3971 1610 4038 arbiter

372 4073 495 4127 sacerdos
514 4071 629 4138 apertius
648 4070 781 4135 intelliget,
801 4081 869 4135 quae
887 4066 1027 4130 remittere,
1046 4081 1149 4134 quaeve
1168 4069 1280 4122 retinere
1293 4069 1397 4134 debeat,
1416 4083 1470 4138 quo
1490 4071 1605 4136 singolis

373 4160 472 4216 morbis
490 4167 677 4226 congrrrentem
697 4155 820 4210 adhibeat
840 4155 997 4208 medicinam
1016 4168 1162 4222 rursusque
1181 4157 1311 4210 Ecclesiae
1329 4157 1456 4212 conciliet.

444 4250 549 4303 Accedit
568 4249 599 4301 iis
617 4261 685 4302 usus
700 4242 857 4315 primatem
875 4241 1025 4297 Ecclesiae:
1045 4243 1100 4296 act.
1122 4245 1162 4309 te,
1189 4245 1236 4308 ts;
1258 4248 1281 4299 t.
1296 4248 1329 4299 to.
1351 4247 1375 4312 t,
1391 4247 1422 4313 9;
1442 4247 1492 4300 lac.
1511 4247 1537 4312 s,
1560 4250 1605 4302 re.

373 4338 514 4407 (Observa,
530 4351 640 4406 quaeso,
664 4339 714 4389 boc
742 4335 798 4386 loco
823 4332 922 4385 slmiles
949 4344 1088 4384 occurrere
1113 4332 1265 4400 locutiones,
1291 4341 1429 4404 textusque
1453 4335 1604 4402 scripturae

372 4427 477 4482 eosdem
496 4427 587 4482 eodem
605 4425 706 4490 ordine,
725 4436 779 4490 quo
798 4434 886 4486 supra,
906 4419 1012 4484 atterri).

444 4514 454 4546 ¹
474 4517 558 4582 Supra
577 4515 621 4567 63.
640 4514 683 4567 lV.
705 4511 748 4563 dl.
