3378 5082
372 291 415 357 [36
687 308 883 358 consummo
906 309 1138 359 tutushdutsltt
1160 309 1277 358 DthCl.

373 433 503 519 spiritus
526 441 663 512 sanctus,
686 434 803 520 qnippe
826 452 920 520 quem
945 435 1029 502 Deus
1055 440 1144 520 pater
1167 435 1309 502 coelestis
1331 452 1390 502 ceu
1414 441 1615 522 praecepto-

373 557 440 608 rem
464 546 559 626 atque
582 541 808 608 consolatorem
832 559 888 626 par
912 541 1013 608 hlium
1037 558 1131 610 suum
1157 542 1257 608 lesum
1280 541 1440 609 Christum
1463 541 1614 610 coelitus

373 647 521 715 emiserit.
546 647 625 715 llaec
649 647 763 727 omnia,
785 655 934 734 tanquam
964 665 1061 715 aurea
1084 648 1137 714 illa
1159 648 1281 716 Homeri
1306 647 1446 716 calena*
1468 666 1486 716 e
1510 649 1613 715 coelo

375 754 538 840 pendente,
562 771 630 822 sese
652 773 747 840 quam
773 755 991 823 venustissime
1014 756 1205 822 comitantur
1227 762 1259 822 et
1281 773 1377 841 quam
1402 755 1614 822 tenacissime

374 861 543 928 cohaerent
559 857 581 939 ¹,
605 868 642 927 ut
676 861 701 928 si
736 878 835 928 unum
871 861 1005 946 quodvis
1039 861 1154 928 horum
1190 861 1290 941 tollas,
1314 861 1396 929 illico
1429 861 1614 928 sustuleris

373 968 488 1036 omnia.
511 967 665 1052 Quocirca
688 967 712 1034 si
736 967 856 1052 aliquot
878 968 939 1034 iam
971 967 1085 1036 seculis
1117 967 1317 1053 Evangelium
1342 973 1392 1050 (ut
1418 966 1534 1046 dicitis)
1567 967 1614 1032 in

375 1073 492 1141 mundo
515 1093 582 1142 esse
605 1073 706 1154 desiit,
731 1091 834 1160 neque
858 1073 915 1140 luit
939 1074 1016 1142 fides
1040 1073 1166 1140 totidem
1202 1075 1326 1141 seculis.
1349 1072 1438 1160 Quod
1472 1073 1498 1140 si
1534 1091 1611 1140 non

375 1181 462 1260 lides,
485 1198 589 1266 neque
612 1180 671 1247 luit
688 1181 811 1250 interim
830 1181 980 1259 Ecclesia;
997 1179 1080 1267 quod
1097 1180 1121 1248 si
1147 1199 1207 1248 non
1226 1181 1369 1259 Ecclesia,
1393 1198 1495 1266 neque
1511 1181 1615 1266 quis-

374 1305 469 1373 quam
495 1287 576 1356 intra
599 1294 645 1353 tot
667 1305 765 1354 annos
788 1287 961 1354 serratus²
984 1293 1040 1354 est.
1076 1287 1191 1371 Quodsi
1224 1305 1280 1372 per
1304 1293 1349 1354 tot
1379 1288 1484 1354 333333
1507 1304 1613 1353 nemo

375 1401 520 1461 servatus
542 1401 600 1472 est,
623 1393 743 1460 trustra
767 1412 825 1478 pro
848 1400 894 1460 tot
916 1412 1071 1461 annorum
1094 1393 1222 1462 circulis
1237 1393 1333 1462 fuerit
1346 1393 1491 1460 Christus
1510 1411 1613 1479 apa-

375 1508 424 1567 333
448 1499 562 1566 missus
584 1499 623 1565 ad
647 1499 793 1585 spiritum
817 1507 958 1568 sanctum
988 1500 1140 1567 Ecclesiae
1171 1499 1426 1586 promerendum,
1456 1498 1612 1584 adeoque

377 1611 477 1672 totum
502 1605 578 1672 illud
603 1623 761 1674 summum
779 1612 811 1673 et
825 1605 980 1673 inedahile
996 1605 1181 1692 mysterium
1197 1604 1612 1691 incarnationis,.passionis

376 1720 407 1780 et
431 1713 541 1779 mortis
564 1712 689 1792 Christi,
714 1713 796 1798 patri
812 1721 844 1780 et
859 1712 923 1779 lilio
946 1720 978 1780 et
992 1713 1116 1799 spiritui
1140 1719 1247 1780 sancto
1267 1729 1446 1791 commune,
1469 1711 1613 1797 nequic-

376 1835 471 1903 quam
495 1825 688 1903 susceptnm.
713 1819 798 1885 Vana
829 1818 924 1886 luerit
946 1818 1062 1886 Christi
1086 1818 1125 1884 ad
1156 1827 1276 1904 patrem
1305 1817 1416 1896 oratio,
1439 1825 1507 1884 tum
1541 1835 1611 1903 pro

225 1939 255 1985 n.
269 1939 304 2037 g,
319 1940 352 1985 33.
377 1925 525 1992 universa
550 1925 701 1993 Ecclesia:
728 1925 829 1992 Pater
850 1935 974 2004 sancte,
998 1944 1096 1993 servo
1111 1945 1165 1992 eos
1178 1945 1238 2011 per
1253 1945 1369 1992 33333333
1394 1932 1501 2003 tuum,
1517 1943 1613 2012 quos

298 2025 305 2038 '
376 2030 496 2098 33333333·
517 2029 602 2097 milti
623 2038 701 2110 etc.;
725 2039 757 2100 et
779 2033 938 2118 aliquanto
961 2040 1031 2117 post
1054 2031 1147 2098 inihi:
1165 2030 1239 2098 Nou
1250 2050 1316 2118 pro
1331 2031 1378 2100 eis
1393 2039 1502 2097 autem
1519 2049 1611 2116 rope

378 2145 521 2218 33333333,
544 2139 600 2204 sed
622 2147 653 2205 et
670 2158 736 2224 pro
760 2139 814 2218 iis,
838 2140 898 2227 qui
919 2139 1084 2206 credituri
1104 2147 1184 2205 sunt
1202 2158 1263 2224 per
1286 2157 1469 2204 3333333333
1483 2155 1610 2203 eorum

378 2244 413 2310 333
438 2263 487 2310 me
509 2253 587 2324 etc.;
613 2253 682 2313 tum
706 2263 764 2330 pro
791 2246 907 2312 vicario
942 2263 999 2313 suo
1034 2246 1130 2312 totius
1155 2244 1306 2312 Ecclesiae
1340 2261 1416 2312 suae
1451 2243 1611 2328 Episcopo

209 2365 305 2418 33333.
321 2365 354 2409 u.
379 2351 487 2418 Petro:
513 2353 581 2439 Epo
602 2351 724 2438 ropaui
742 2371 807 2437 pro
824 2361 863 2431 te,
887 2359 925 2418 ut
947 2371 1014 2418 33333
1036 2351 1168 2436 deficiat
1189 2349 1270 2436 fides
1293 2360 1353 2417 tao
1387 2359 1446 2418 etc.
1470 2349 1611 2434 Quando

228 2473 258 2518 10.
274 2473 307 2526 u,
323 2471 356 2516 tt·
381 2466 484 2525 umen
508 2467 539 2524 et
562 2458 628 2543 ipse
650 2457 795 2525 Christus
817 2459 855 2526 de
889 2477 923 2526 se
957 2457 995 2524 ad
1020 2466 1140 2543 patrem
1164 2458 1223 2524 ait:
1250 2459 1317 2544 Epo
1339 2455 1482 2523 sciebam
1513 2455 1610 2542 quod

216 2577 283 2624 3333.
297 2579 319 2632 o,
334 2579 354 2624 ⁷.
377 2583 505 2658 semiper·
528 2583 578 2630 333
601 2565 711 2631 audio.
738 2564 773 2630 Et
795 2564 909 2631 Paulus
932 2564 970 2631 de
994 2565 1061 2650 ipso
1083 2565 1143 2631 ait:
1172 2563 1361 2630 Exauditae
1383 2570 1430 2628 333
1448 2580 1513 2648 pro
1537 2581 1612 2629 sua

379 2672 572 2738 reuerentia.
598 2671 730 2738 llendax
753 2672 828 2739 item
850 2671 946 2738 luerit
968 2671 1083 2738 Christi
1120 2671 1284 2756 promissio
1307 2678 1374 2736 tum
1406 2669 1444 2736 ad
1476 2686 1610 2735 omnem

229 2791 305 2837 mm.
319 2791 353 2846 ¹⁸,
381 2777 565 2844 Ecclesiam:
593 2779 670 2845 Ecce
692 2797 749 2864 epo
765 2777 933 2845 3333333333
948 2797 1025 2844 sum
1040 2777 1193 2844 omnihus
1208 2775 1323 2844 diebus
1339 2795 1441 2865 usque
1465 2773 1512 2841 ud
1526 2794 1611 2842 coa-

273 2845 309 2890 ¹⁰'
380 2884 634 2950 3333333333333333
656 2885 769 2963 seculi,
794 2893 860 2952 tum
878 2885 916 2952 ad
934 2886 1058 2952 Petrum
1076 2884 1242 2951 universae
1259 2882 1412 2950 Ecclesiae
1427 2881 1609 2968 praesidem

229 3005 304 3051 mm.
319 3005 352 3059 to.
382 2991 551 3058 vicarium:
584 2992 633 3056 Tu
656 3011 689 3057 es
715 2991 845 3070 Petrus,
869 3000 898 3058 et
914 3011 1014 3078 super
1038 2987 1124 3057 hauc
1138 2999 1267 3076 petram
1291 2987 1474 3074 oedificabo
1493 3007 1611 3054 meam

275 3057 308 3104 ω’
383 3096 572 3176 Ecclesiam,
604 3107 631 3164 et
664 3105 781 3184 portae
812 3095 1001 3184 inferorum
1034 3115 1101 3162 aon
1124 3094 1278 3163 3333333333
1305 3095 1468 3162 3333333333
1498 3093 1609 3160 illurn.

381 3205 479 3289 Atque
503 3204 649 3283 mendax,
674 3204 814 3290 inquam,
831 3204 926 3271 luerit
942 3203 1055 3271 Christi
1079 3203 1256 3290 promissio,
1273 3220 1335 3270 non
1352 3209 1473 3269 lantum
1498 3200 1537 3268 de
1553 3201 1609 3268 sui

382 3311 568 3395 praesentia,
593 3311 646 3378 sed
669 3312 763 3378 etiam
786 3311 824 3378 de
847 3311 977 3396 spiritus
1000 3312 1097 3378 sancti
1129 3318 1197 3376 tum
1230 3309 1439 3377 consolatione
1463 3315 1529 3376 tum
1556 3309 1610 3376 in-

381 3417 564 3496 structione,
588 3418 679 3484 toties
702 3418 733 3484 in
757 3426 901 3484 extrema
934 3417 1075 3484 oratione
1097 3418 1137 3483 ah
1168 3436 1205 3484 eo
1229 3416 1370 3502 repetita,
1402 3414 1498 3482 veluti
1530 3431 1609 3482 cum

230 3537 357 3637 ¹⁰1¹‘t¹⁰
380 3523 442 3589 ait:
466 3525 534 3612 Epo
557 3524 682 3612 ropuho
702 3533 846 3610 patrem,
870 3533 898 3589 33
921 3523 1028 3590 aliurn
1052 3523 1287 3590 consolatorem
1311 3522 1403 3589 dabit
1434 3520 1536 3600 uobis,
1571 3529 1611 3588 ut

381 3640 516 3697 occaect
532 3629 728 3698 uobiscum
715 3651 750 3697 333
767 3639 950 3711 aeteruum,
966 3631 1124 3718 spiritam
1139 3651 1189 3697 333
1191 3630 1309 3708 333333
1333 3637 1364 3696 el
1380 3645 1494 3696 rursus
1509 3627 1608 3695 inihi:

383 3737 580 3803 Paracletus
603 3747 714 3804 autem
738 3737 799 3815 ille,
825 3738 885 3825 qui
905 3747 953 3804 333
973 3737 1116 3822 spiritus
1138 3743 1286 3815 sauctus,
1308 3755 1404 3824 quem
1426 3735 1530 3802 mittet
1541 3753 1610 3820 pa-

382 3851 429 3910 ter·
454 3845 489 3910 iu
512 3846 643 3912 33333333
666 3865 746 3923 meo,
764 3845 816 3912 ille
832 3865 888 3912 uos
904 3843 1027 3911 docebit
1043 3844 1157 3910 3333333
1172 3853 1201 3910 33
1215 3851 1369 3931 supparet
1384 3840 1475 3908 vohis
1491 3841 1609 3908 omnio

445 3976 455 3998 ⁶
473 3979 583 4025 cathena.

454 4237 462 4268 ¹
484 4239 556 4300 Mon,
575 4238 606 4292 C:
620 4240 673 4291 llac
691 4238 761 4290 euim
775 4238 969 4302 coniunguntur
982 4249 1030 4288 ceu
1048 4235 1190 4290 Homerico
1207 4235 1323 4303 quadam
1346 4239 1448 4290 333333.
1468 4261 1503 4274 -
1521 4233 1608 4288 Erech.

383 4327 403 4382 C
423 4328 451 4380 l:
472 4329 526 4380 3333
544 4342 592 4381 ceu
611 4327 746 4383 homer-ica
766 4330 860 4382 catena
878 4327 1034 4392 copulantur
1052 4325 1150 4378 fideles.

454 4415 465 4447 ²
484 4417 609 4482 Servare,
628 4419 752 4472 seruator
771 4415 853 4482 (locor
872 4415 981 4480 salvare,
1000 4413 1123 4482 salrator)
1137 4411 1275 4468 adhibetur
1295 4416 1349 4468 lero
1361 4413 1491 4468 exclusive
1509 4413 1607 4478 inope·

383 4506 458 4560 ribus
477 4505 630 4560 llerhornei.
