3364 5092
519 353 648 401 nsurrus
670 351 876 403 conanessus.
1246 339 1308 403 tl7

104 473 269 542 tuturorum
294 475 426 544 umbras
449 476 544 562 idque
568 483 678 545 contra
700 478 986 564 pseudoapostolos,
1016 479 1070 565 qai
1102 481 1255 548 Romanos
1277 486 1310 547 et

104 579 208 648 Galatas
229 582 260 648 in
292 582 369 668 legis
401 582 585 650 servitutem
619 583 775 652 adducere
802 584 996 653 conabantur
1019 594 1205 666 asserentes
1228 585 1308 653 citra

104 686 166 771 legis
185 688 431 757 observationem
455 689 493 757 ad
518 689 650 757 salutern
675 691 875 777 Euangelium
911 710 972 758 nou
1007 693 1083 760 salis
1116 710 1195 772 esse,
1223 692 1307 760 trude

103 791 137 859 sic
156 794 191 861 ad
213 796 365 862 Romanos
388 795 447 862 ait:
473 797 525 862 Ea
547 796 704 882 operibus
727 795 807 884 lepis
829 815 896 864 aaa
919 796 1159 882 iustificabitur
1175 800 1210 866 ia
1231 818 1306 865 eoa·
1349 813 1445 867 neat

103 909 195 984 specta
216 903 287 968 eius
310 903 417 969 omnis
432 921 523 969 earo.
550 904 587 970 El
609 903 703 990 paulo
726 911 796 989 post
819 903 913 971 inibi:
939 903 1159 971 Arbitrantur
1173 905 1238 990 fide
1253 905 1305 972 la·
1354 867 1436 912 Μ’

100 1005 227 1091 calcari
249 1006 413 1075 brainam
436 1008 559 1098 absque
581 1008 736 1096 operibm
758 1009 847 1096 lepis.
872 1010 913 1078 hd
936 1010 1060 1078 Galatas
1083 1030 1160 1078 raro
1183 1012 1227 1080 sic
1243 1011 1303 1080 ait:

100 1111 215 1180 Scimus
237 1134 303 1182 aaa
327 1115 511 1202 iustificari
533 1113 695 1183 homiaem
719 1135 758 1182 ea
774 1117 928 1202 operibus
944 1117 1034 1205 lepis,
1050 1117 1123 1184 aisi
1132 1139 1192 1205 per
1206 1117 1305 1204 fidem
1327 1133 1375 1178 Gat-
1387 1133 1409 1188 ¹.
1420 1119 1457 1179 '1⁶-

98 1219 162 1285 lasa
184 1219 316 1288 Chresti.
341 1222 377 1288 Et
400 1231 469 1308 post
494 1241 594 1308 pauca
616 1222 747 1290 ibidem:
773 1221 859 1289 Nara
895 1224 928 1290 si
953 1243 1016 1310 por
1039 1224 1138 1308 legem
1163 1225 1458 1304 lassescamus.

97 1325 189 1411 paor
212 1325 365 1396 Christus
387 1327 523 1416 frastra
546 1339 701 1396 mortuas
723 1339 778 1396 esa
803 1331 867 1398 Nou
892 1332 993 1398 solum
1027 1333 1085 1398 hoc
1116 1331 1200 1417 quod
1223 1330 1306 1398 dixi·

96 1450 159 1500 mus
181 1452 287 1502 rerum
318 1443 367 1504 est
397 1435 436 1503 de
467 1437 616 1522 operibus
646 1437 916 1516 ceremonialibus
940 1437 993 1505 sed
1017 1438 1109 1505 etiam
1135 1437 1306 1506 moralibus

93 1540 214 1623 punam
238 1543 489 1611 iustificatiouem
515 1543 782 1629 praecedentibus,
805 1544 844 1610 ad
867 1562 949 1630 quae
965 1561 1073 1612 omnes
1088 1545 1306 1631 cuiuscunque

92 1645 205 1714 laudan
229 1649 362 1717 nationis
386 1649 526 1718 homines
542 1650 602 1717 sub
617 1651 699 1717 omni
725 1651 802 1738 lege,
825 1659 967 1730 naturae,
991 1652 1108 1737 scripta
1129 1659 1161 1718 el
1188 1651 1307 1737 gratiae

88 1751 333 1841 obstringuntur.
358 1755 444 1823 Unde
468 1756 583 1824 Paulus
605 1756 643 1823 ad
668 1757 817 1842 Ephesios
832 1753 901 1842 (81)
926 1757 1146 1825 universaliter
1167 1775 1306 1843 pronun-

92 1859 178 1940 tians,
199 1881 291 1948 quem
318 1863 369 1930 hic
404 1864 505 1931 locum
541 1847 658 1931 eitat'ts:
688 1864 821 1942 Gratia,
846 1864 958 1950 inquit,
982 1865 1058 1930 estas
1091 1864 1218 1931 servati
1245 1884 1306 1951 per
1326 1879 1474 1935 tubas-⁹·

86 1965 192 2050 fideii,
214 1971 312 2058 idque
333 1990 400 2036 aaa
423 1989 463 2036 ea
486 1969 597 2048 vobim
623 1969 681 2038 Dei
702 1971 826 2037 donam
850 1981 916 2048 est,·
939 1990 1006 2037 aaa
1021 1990 1061 2037 ea
1084 1969 1250 2057 operibus,
1266 1989 1306 2037 ae

86 2075 161 2162 qaia
179 2076 348 2162 ebrietur.
374 2077 411 2144 Et
432 2077 470 2144 ad
494 2079 598 2145 Titum
621 2077 806 2162 simpliciter
829 2077 910 2145 idem
934 2078 1084 2144 efferens:
1111 2077 1305 2164 ¹Postquam,
1328 2092 1370 2137 ru.
1385 2093 1405 2144 a
1422 2093 1473 2139 so.

85 2181 194 2267 inquit,
216 2183 346 2251 bmaitas
368 2194 397 2252 el
420 2203 502 2271 erga
526 2182 672 2252 domines
694 2203 792 2250 amor
816 2185 982 2270 apparuit
995 2185 1178 2250 seruatoris
1197 2183 1307 2250 austri

87 2289 155 2366 bei,
177 2310 241 2357 aaa
263 2311 303 2357 ea
326 2291 480 2378 operibus
503 2291 662 2370 irascibile,
684 2311 770 2380 qaae
791 2309 852 2357 aas
875 2289 1094 2376 faciebamus,
1117 2291 1173 2356 sed
1189 2309 1304 2356 secan-

83 2395 163 2462 dam
195 2417 294 2464 seam
325 2398 592 2466 misericordiam
622 2399 733 2465 salvos
763 2418 823 2465 aas
846 2397 931 2484 feeit.
956 2397 1097 2483 hlibique
1125 2397 1249 2483 saepius
1272 2397 1303 2463 in

84 2503 209 2570 modam
232 2505 417 2573 sententiam
441 2503 480 2572 de
502 2504 695 2590 quibuslibet
725 2504 875 2590 operibus
903 2503 1152 2572 iustificationem
1181 2511 1304 2570 antece-

84 2609 226 2678 dentibus
248 2612 384 2698 geuerali
410 2629 553 2680 sermone
577 2613 768 2697 pronuntiat.
790 2613 865 2678 Nam
890 2611 991 2678 ludaei
1016 2611 1046 2676 in
1070 2629 1107 2677 ea
1129 2617 1220 2678 erant
1241 2611 1304 2696 opi·

83 2717 183 2797 aione,
218 2727 250 2786 ot
288 2717 430 2785 nonnulli
467 2735 509 2785 ex
541 2718 779 2785 circumcisione
814 2717 1062 2804 pseudoapostoli
1099 2717 1303 2803 (quibuscum

84 2823 175 2891 Paulo
196 2825 341 2912 apostolo
363 2825 482 2893 doctori
499 2827 637 2912 gentium
655 2825 774 2912 ubique
790 2825 947 2912 negotium
966 2825 1037 2911 luit)
1060 2825 1097 2892 ad
1114 2825 1303 2892 Iudaismum

84 2930 223 3000 homines
253 2950 410 3018 nusquam
443 2951 504 3000 non
528 2933 700 3012 illicientes,
731 2933 883 3001 docebant
915 2951 948 3000 se
980 2933 1056 3018 legis
1087 2931 1304 2998 observatione

81 3036 194 3106 Christi
217 3039 349 3124 gratiam
374 3041 596 3125 promeruisse,
621 3039 753 3126 ideoque
768 3047 886 3126 gentes
902 3057 983 3126 quae
1008 3039 1038 3106 iu
1062 3040 1235 3106 idololatria
1258 3040 1304 3106 vi-

84 3154 205 3226 xerant,
228 3154 285 3213 aut
307 3145 520 3214 excludendas
544 3146 583 3214 ab
608 3145 761 3233 Evangelii
779 3147 946 3224 consortio,
962 3153 1017 3212 aul
1033 3147 1226 3214 ceremonias
1242 3147 1304 3212 llo-

82 3253 179 3320 saieae
204 3253 280 3339 legis
303 3271 366 3319 una
390 3270 465 3320 cum
492 3253 656 3340 Evangelio
680 3256 772 3320 etiam
797 3254 837 3320 ab
861 3254 936 3338 ipsis
967 3271 1035 3320 esse
1067 3252 1302 3331 custodiendam

83 3356 140 3425 hoc
161 3367 269 3426 autem
301 3360 388 3426 velut
418 3361 558 3426 omnium
591 3360 680 3446 longe
712 3360 929 3446 impiissimum
961 3367 992 3426 et
1023 3360 1138 3426 Christi
1171 3366 1302 3426 mortem

82 3479 234 3534 evacuans
257 3483 352 3551 quam
376 3466 529 3533 acerrime
552 3483 748 3552 oppugnans,
772 3467 893 3533 cunctis
913 3483 1179 3552 quorumcunque
1204 3465 1303 3531 homi-

82 3587 156 3640 num
179 3573 331 3658 oporihas
353 3579 426 3640 ante
450 3572 581 3658 gratiam
605 3571 719 3640 Christi
743 3573 843 3652 lactis,
866 3580 961 3658 atque
985 3571 1085 3657 gratia
1108 3571 1221 3638 Christi
1246 3589 1303 3638 ex-

82 3676 166 3746 clusa
189 3679 378 3747 iustificandi
415 3679 476 3747 vim
512 3679 632 3760 adimit,
656 3679 770 3746 docens
802 3697 910 3746 omnes
946 3686 1008 3745 tam
1047 3678 1173 3745 ludaeos
1207 3695 1301 3764 quarn

83 3793 187 3868 gentes
208 3789 306 3854 ante¹
331 3785 447 3853 Christi
470 3785 602 3872 gratiam
626 3803 694 3854 esse
718 3793 907 3871 peccatores,
932 3785 984 3852 Dei
1011 3785 1224 3853 misericordia
1246 3784 1303 3851 iu·

82 3891 208 3960 stiticari
232 3909 290 3978 per
315 3891 408 3960 tidem
432 3893 463 3959 in
487 3893 647 3960 Christum
674 3893 773 3960 lesum
798 3893 865 3960 siue
880 3892 1030 3978 operibus
1046 3892 1162 3959 nostris
1178 3910 1303 3977 praece·

82 3993 235 4066 dontibus.
263 4001 362 4086 Atque
387 3999 446 4067 hoc
468 3999 594 4084 quidem
629 4017 739 4067 veram
770 4007 828 4079 est,
853 4017 913 4066 non
939 4017 1028 4084 posse
1054 4017 1109 4066 nos
1131 3999 1303 4067 iustificare

84 4103 297 4186 praecedentia
320 4107 453 4192 gratiam
476 4125 574 4192 opera
596 4115 713 4186 nostra,
737 4125 798 4174 non
823 4107 923 4173 solum
948 4106 988 4173 ab
1011 4105 1191 4173 hominibus
1206 4105 1303 4191 impe

84 4263 346 4280 -¹-——-——-—·

150 4371 160 4404 ¹
181 4375 251 4429 istud
275 4381 384 4428 «anm»
408 4389 460 4428 non
480 4381 607 4442 tempore,
625 4375 670 4430 sed
690 4375 846 4442 cogitatione
864 4381 903 4428 est
921 4373 1113 4440 accipiendum,
1132 4387 1162 4426 ae
1186 4374 1208 4426 si
1236 4374 1304 4451 diee-

84 4471 119 4514 iet
139 4483 153 4512 ι
165 4463 225 4520 aaa
244 4464 328 4530 gratia
347 4462 440 4518 Christi
455 4483 480 4528 ι,
499 4478 567 4531 qrroo
587 4465 677 4533 uliqae
695 4465 772 4518 etiam
800 4471 859 4518 ante
878 4471 996 4528 tempora
1015 4461 1109 4516 Christi
1128 4467 1183 4516 tum
1202 4463 1303 4518 ludaeis

9 4523 15 4570 ⁵
86 4553 137 4606 tum
160 4553 285 4622 gentihus
303 4551 470 4608 atterebatur.
