3378 5082
381 311 404 376 lx
885 326 1099 375 turnucuemo.

383 453 425 514 tui
449 451 523 513 testo
545 450 686 512 babendo
708 452 737 512 in
760 449 984 512 rrnlrersitate·
1013 449 1175 512 Halnieusi.
1198 450 1317 512 laxabit
1346 466 1420 511 sane
1447 467 1556 528 pauca
1581 467 1622 514 ex

384 559 439 620 ista
461 558 718 620 commentatione
738 557 930 637 depromere,
952 558 1024 619 dum
1047 557 1166 636 agimus

648 776 669 856 s
692 775 722 840 l.
746 770 789 841 Ile
812 769 914 841 indole
936 769 1073 841 auctoris
1096 768 1334 841 donluialicnis.

463 985 621 1063 Descripta
642 984 745 1063 operis
766 991 943 1061 argumento
965 983 1093 1063 eiusque
1114 983 1264 1046 divisione
1288 985 1316 1044 ia
1339 991 1400 1045 tres
1420 983 1625 1062 Congressus

381 1125 422 1138 -
442 1107 523 1172 quae
544 1106 581 1153 ex
605 1097 706 1152 austro
728 1091 830 1152 indice
848 1090 941 1152 totius
956 1088 1118 1152 voluminis
1133 1090 1207 1151 satis
1223 1091 1411 1152 innotescere
1428 1099 1561 1170 possunt
1578 1127 1623 1138 -
1681 1103 1682 1170 ζ

384 1197 424 1261 ita
446 1199 544 1278 pergit
566 1196 707 1260 laudatus
731 1197 842 1258 [luctor
863 1195 1044 1275 Engelstolt:

469 1304 578 1378 «Quae
595 1304 659 1382 ipsa
682 1302 750 1364 libri
767 1303 944 1365 oeconomia
960 1303 1171 1364 dexteritatem
1188 1304 1323 1366 auctoris
1339 1311 1475 1374 testatur,
1490 1305 1622 1384 quippe

383 1427 474 1492 quem
497 1428 555 1473 trun
577 1411 703 1487 lugeret.
726 1427 783 1471 non
807 1427 895 1488 posse
916 1410 955 1471 de
977 1409 1114 1473 articulis
1134 1409 1293 1472 doctrinae
1314 1407 1489 1487 singulatim
1512 1411 1621 1472 disee·
1681 1491 1682 1498 ἵ

381 1641 488 1706 pressu
511 1624 608 1685 ideam
632 1622 832 1702 Evangelicae
854 1630 883 1684 et
904 1623 1088 1685 christianae
1110 1624 1268 1685 doctrinae
1290 1623 1473 1694 errrxeleaxit,
1495 1631 1529 1685 ut
1561 1641 1619 1702 pa·

384 1737 469 1806 teret,
491 1737 638 1809 durantum
661 1730 690 1791 ia
712 1747 747 1791 ea
770 1729 980 1792 constituenda
1005 1730 1190 1807 Evangeliei,
1212 1731 1318 1810 scripti
1343 1729 1427 1792 verbi
1450 1731 1618 1792 mordicus

385 1844 516 1908 tenaces,
538 1852 554 1898 a
578 1853 649 1898 vero
671 1836 858 1910 aberrarent,
879 1843 909 1898 el
930 1843 994 1898 tum
1009 1820 1131 1900 demum
1154 1838 1192 1899 ad
1209 1845 1291 1898 certa
1309 1835 1420 1916 placita
1444 1837 1617 1901 relellenda

384 1943 544 2015 festinavit,
566 1951 727 2022 postquam
751 1943 932 2005 insecundo
961 1943 1131 2020 Congressu
1156 1944 1318 2024 legentium
1342 1945 1459 2006 animos
1481 1960 1537 2024 per
1559 1962 1618 2007 au-
1681 1991 1682 2000 ,

384 2050 554 2112 cleritatem
576 2048 732 2112 Ecclesiae
747 2058 777 2112 et
792 2050 951 2113 horrorem
968 2051 1138 2114 haeresium
1156 2051 1327 2130 priscarum
1350 2051 1498 2114 adversus
1513 2069 1620 2114 nosos

384 2156 540 2218 Ecclesiae
562 2157 664 2218 hostes
686 2166 952 2236 praeoccupasset.

470 2263 632 2326 «Eandem
656 2265 685 2325 in
707 2262 892 2342 disputando
913 2263 1125 2327 dexteritatem
1141 2271 1202 2326 tnta
1227 2265 1330 2344 operis
1352 2263 1469 2326 indoles
1486 2266 1616 2341 egregie

385 2369 502 2450 prodit:
524 2370 611 2431 llrxnn
633 2369 711 2449 pede
733 2369 771 2433 ad
794 2379 904 2432 metam
922 2371 983 2432 'sibi
1007 2372 1196 2450 propositam
1220 2371 1330 2446 tendit;
1359 2371 1542 2450 plerumque
1565 2388 1616 2433 so·
1681 2431 1682 2436 ,

385 2475 455 2538 lidis
475 2478 662 2554 argtunentis
685 2493 739 2555 pm
761 2493 794 2540 re
815 2493 900 2540 sua...
933 2495 1006 2540 usus
1027 2485 1088 2549 est;
1121 2476 1232 2540 callide
1264 2477 1510 2541 adversariorum
1536 2495 1612 2540 corr·

385 2584 539 2646 cessiones
559 2583 617 2645 sibi
640 2583 669 2644 ia
692 2600 780 2644 usum
802 2585 966 2660 conver-tim
989 2584 1113 2663 ubique,
1136 2586 1159 2644 si
1185 2585 1310 2646 lormam
1334 2591 1463 2663 spectes
1492 2586 1615 2663 optime
1681 2651 1682 2656 ,

385 2705 448 2752 rem
471 2689 600 2766 gessisse
622 2688 772 2752 dicendus
794 2697 847 2752 est.

318 2775 325 2780 ’
471 2821 485 2850 ι
500 2796 543 2858 hd
567 2797 622 2859 has
645 2797 772 2858 virtutes
792 2797 909 2859 accedit
932 2796 1030 2876 stylus
1045 2797 1217 2870 taettttmus,
1234 2814 1329 2876 purus
1350 2805 1381 2860 et
1403 2797 1479 2860 bene
1498 2797 1616 2875 cultus,

385 2904 571 2966 ornamentis
592 2903 733 2965 oratoriis
753 2910 783 2964 et
803 2902 940 2964 classicis
962 2903 1083 2966 abunde
1106 2903 1314 2978 distinctus...;
1336 2905 1436 2966 carnia
1455 2905 1613 2981 ingenium

386 3026 445 3072 non
469 3010 593 3087 vulgare
615 3016 772 3082 testantur,
793 3010 971 3089 praesertim
993 3011 1017 3070 si
1042 3009 1116 3071 tides
1140 3011 1281 3074 habenda
1313 3019 1359 3074 est
1390 3011 1509 3073 auctori
1533 3011 1615 3075 adtr-

386 3115 490 3189 manti,
511 3132 543 3177 se
565 3115 741 3178 lestioaater
761 3132 900 3179 sermone
933 3132 1059 3195 prorsus
1092 3117 1292 3196 extemporali
1325 3133 1362 3179 ae
1384 3117 1614 3197 propemodum

387 3221 522 3301 neglecto
545 3237 632 3285 usum
656 3239 731 3284 esse.
1681 3299 1682 3302 Ἴ

471 3329 713 3407 «Plrilusophica
736 3329 906 3392 eruditione
929 3328 1087 3391 excelluit:
1110 3331 1304 3408 antiquarum
1325 3329 1501 3393 scholarum
1524 3347 1616 3408 grae-

386 3451 491 3498 carum
514 3436 633 3497 nomina
656 3443 686 3497 et
707 3435 818 3515 placita
843 3437 871 3496 in
889 3443 1030 3515 promptu
1047 3435 1171 3510 hahuit;
1196 3437 1310 3516 logicas
1326 3436 1447 3514 regulas
1463 3437 1492 3498 in
1507 3437 1616 3516 dispu-

387 3541 478 3606 tando
500 3549 529 3603 et
550 3541 761 3604 concludendo
782 3543 906 3622 saepius
928 3544 957 3604 in
980 3543 1039 3606 hoc
1059 3560 1153 3622 opere
1174 3543 1246 3605 licet
1267 3543 1354 3623 qtrasi
1386 3543 1528 3607 invitus...
1551 3545 1616 3608 lau-

386 3649 479 3711 davil.

471 3756 692 3835 «ltuentogiam
714 3755 927 3820 scholasticam
944 3757 1041 3836 plenis
1058 3757 1220 3819 haustibus
1243 3757 1421 3820 imbiberat:
1446 3758 1566 3820 termini
1584 3767 1614 3821 et

385 3861 576 3924 detlniticaes
597 3871 627 3924 et
648 3863 857 3925 distinctiones
879 3863 1132 3926 scholasticorum
1156 3864 1301 3926 scribenti
1335 3864 1477 3937 adluere;
1499 3865 1616 3944 saepis-

385 3969 461 4030 sima
482 3969 608 4042 monuit,
628 3968 703 4048 qnid
727 3970 842 4044 schola,
863 3969 937 4049 qnid
961 3969 1171 4047 theologorum
1190 3987 1331 4044 coronae,
1347 3970 1422 4051 quid
1445 3971 1615 4048 Theologo-

385 4091 453 4138 rum
474 4074 625 4137 diatribae
646 4074 758 4148 dicant,
778 4083 806 4136 et
829 4075 953 4154 vestigia
976 4092 1081 4138 eornm
1108 4076 1136 4136 in
1153 4075 1292 4140 doctrina
1315 4077 1353 4140 de
1376 4077 1524 4154 Ecclesia,
1541 4077 1613 4156 tide,

386 4181 541 4260 operibus,
562 4183 769 4254 sacramentis,
792 4182 869 4243 lldas
892 4181 1012 4260 pressit,
1044 4183 1082 4243 ita
1107 4189 1139 4245 nt
1161 4190 1292 4262 systema
1316 4183 1527 4246 'tridentinum
1550 4185 1612 4247 iam

385 4287 533 4350 hocloco
555 4287 706 4351 obveniat.
727 4285 801 4350 Eam
833 4288 873 4350 ob
895 4304 1019 4351 catxsam
1051 4305 1176 4369 quoquc
1203 4289 1303 4353 nullus
1325 4291 1477 4353 dubitavit
1506 4292 1607 4353 lrrnda-
1681 4279 1682 4342 ἒ

387 4400 486 4456 menta
508 4396 682 4475 systematis
702 4395 908 4458 Ecclesiastiei
931 4403 1036 4474 aperte
1056 4410 1111 4457 sua
1128 4411 1307 4474 agnoscere,
1323 4397 1375 4460 ubi
1392 4397 1422 4460 in
1445 4413 1612 4476 congressu
1681 4389 1682 4470 ἶ

387 4499 486 4580 primo
507 4500 546 4565 de
567 4515 640 4564 vera
666 4501 866 4581 Euangelicae
894 4501 1051 4566 doetrinae
1080 4501 1202 4566 notione
1232 4503 1418 4584 disputabat.
1441 4505 1513 4581 ‚Per
1534 4521 1613 4585 quos
1681 4517 1682 4574 l
