3364 5092
505 315 635 363 rsurros
658 313 865 362 cononsssus.
1238 294 1300 362 ttt

67 436 129 514 nis;
154 455 173 506 e
197 438 328 506 diverso
349 445 456 506 autem
478 439 639 507 Christum
671 457 771 506 unum
797 439 827 506 in
853 455 987 524 persona
1009 445 1040 505 et
1064 437 1173 504 binum
1197 437 1228 503 iu
1253 455 1302 504 es-

67 543 190 610 sanitas
216 544 277 612 Sed
301 545 355 612 ubi
381 545 504 612 andem
529 546 576 613 vel
601 545 754 613 essentiae
777 545 826 611 vel
851 560 1003 630 personae
1031 560 1143 610 nomeu
1168 543 1232 608 Deo
1255 548 1301 610 at·

67 649 226 718 tributum
252 652 284 718 in
308 652 458 720 canonica
480 651 638 738 scriptura
662 652 881 737 comperitur?
899 652 934 716 tr
958 668 1024 717 rem
1049 657 1187 735 utroque
1211 667 1302 716 roca-

66 755 139 821 bulo
162 756 363 843 designatam
381 757 443 826 illic
466 767 497 825 et
521 758 673 826 contineri
691 764 722 825 et
746 759 810 824 Deo
825 756 967 836 attribui,
983 757 1056 842 quis
1072 755 1299 823 catholicorum

65 861 254 929 addubitat?
277 863 426 931 Ceterum
449 863 628 949 disputandi
652 863 822 931 necessitas
845 881 917 930 cum
941 861 1107 930 haereticis
1131 867 1180 946 (ut
1197 862 1301 946 lugu-

66 968 135 1034 stini
161 969 274 1036 uerbis
298 971 383 1052 utar)
407 988 487 1037 nova
521 969 654 1038 subinde
689 969 841 1037 ‘vocabula
872 969 1025 1037 Ecclesiae
1049 967 1170 1053 peperit
1187 970 1209 1032 ².
1235 968 1300 1034 Nou

65 1081 110 1140 est
134 1075 349 1142 laborandum
372 1075 411 1144 de
434 1076 626 1154 nominibus,
651 1076 704 1144 ubi
728 1075 767 1143 de
790 1076 887 1143 rebus
910 1082 1042 1154 constat,
1068 1074 1205 1140 maxime
1222 1092 1300 1158 quo-

65 1179 159 1260 niam,
185 1187 225 1248 ut
249 1181 280 1248 in
307 1181 408 1267 primo
431 1200 558 1268 quoque
593 1199 764 1268 congressu
798 1181 917 1249 dictum
950 1188 1009 1260 est,
1034 1181 1165 1248 verbnm
1189 1179 1244 1247 Dei
1269 1186 1302 1248 et

66 1285 182 1354 Cbristi
209 1287 413 1374 Evangelium
438 1307 499 1356 noo
534 1289 565 1355 in
601 1288 702 1368 litera,
726 1287 779 1356 sed
804 1289 834 1355 in
859 1289 985 1374 spiritu,
1009 1306 1070 1355 non
1096 1288 1127 1354 in
1156 1303 1300 1354 sermone

67 1391 177 1460 sedin
204 1412 301 1462 sensu
326 1395 476 1462 consistit.

154 1499 248 1567 Nunc
271 1518 349 1568 raro
372 1509 600 1588 commonenter
624 1501 790 1569 audiamus
821 1501 989 1568 illationem
1015 1509 1078 1568 tam
1102 1499 1234 1585 eleganti
1259 1499 1301 1566 si-

71 1605 135 1670 mul
159 1623 199 1673 ac
231 1624 366 1674 nervosa
399 1607 670 1694 argumentatione
705 1608 877 1676 collectam.
908 1607 1023 1674 «Unde
1058 1605 1214 1691 (inquitis)
1239 1623 1300 1672 non

68 1709 186 1778 iniuria
208 1712 380 1793 credimus,
406 1713 584 1782 huiusmodi
617 1715 838 1799 purgatorium
871 1714 1099 1781 monachorum
1122 1730 1159 1780 ac
1182 1711 1302 1779 sacriti-

69 1817 215 1886 culorom
240 1819 397 1886 somnium
421 1837 489 1888 esse
512 1838 548 1887 ac
572 1819 746 1900 inventum,
770 1827 807 1888 ut
830 1839 889 1888 suo
912 1820 1013 1887 ventri
1038 1827 1069 1886 et
1086 1819 1167 1886 vitae
1190 1819 1220 1886 in
1238 1818 1302 1884 otio

68 1921 228 2008 degendae
251 1925 515 2010 prospicerent».
540 1926 738 2012 —Dignam
763 1926 870 1994 hercle
892 1927 1053 2013 proposita
1077 1926 1197 1993 ratione
1228 1943 1302 1992 con-

71 2029 253 2098 clusionem.
279 2031 354 2096 Nam
379 2030 553 2117 impudenti
577 2040 687 2117 coepta
708 2033 870 2100 mendacio
893 2031 1117 2118 impudentiori
1142 2029 1301 2098 concludi-

71 2141 131 2200 tur.
156 2135 239 2220 Quid
265 2141 299 2202 tu
323 2137 369 2202 ais
393 2137 442 2220 (os
465 2136 654 2222 impudens),
678 2137 824 2223 qrrisquis
852 2138 895 2204 ita
925 2138 1101 2224 scripsisti?
1124 2137 1204 2203 Num
1229 2137 1302 2203 Dio

72 2242 180 2324 nysius
202 2241 397 2328 areopagita,
421 2261 497 2310 num
521 2243 672 2329 Origenes
695 2243 905 2322 Adamantius
930 2262 1006 2311 num
1030 2243 1202 2329 Gregorius
1225 2244 1301 2328 Nys-

72 2361 166 2414 senus
182 2347 209 2426 *,
232 2365 310 2414 num
346 2348 476 2416 loannes
510 2349 731 2428 Damascenus,
755 2367 831 2416 num
866 2350 978 2417 beatus
1001 2350 1198 2428 Athanasius,
1222 2367 1300 2415 num

76 2449 166 2532 (lll)
190 2453 320 2520 loannes
342 2453 596 2538 chrysostomus
620 2461 651 2522 et
674 2455 706 2522 bi
730 2454 857 2540 quidem
882 2456 984 2540 graeci
1009 2480 1070 2534 —;
1095 2463 1126 2522 et
1151 2455 1233 2522 inter
1259 2455 1302 2522 la-

75 2556 165 2638 tinos,
188 2577 265 2626 oum
289 2559 475 2644 Cyprianus,
500 2578 575 2626 num
601 2561 788 2641 Lactantius,
812 2579 888 2627 uum
914 2560 1114 2640 Prudentius,
1139 2579 1214 2627 num
1234 2559 1302 2628 Nic·

73 2680 234 2748 ronymuS,
259 2683 336 2732 num
360 2665 562 2752 Augustinus,
587 2685 663 2734 num
688 2667 880 2746 umbrosius,
904 2685 980 2734 num
1016 2666 1198 2752 Gregorius,
1222 2685 1298 2734 num

74 2769 229 2852 alcuinus,
255 2790 332 2839 num
358 2772 546 2852 Bernamus,
570 2792 648 2841 nuru
671 2773 808 2860 denique
830 2773 881 2840 alii
906 2774 1086 2859 complures
1111 2773 1168 2839 viri
1187 2773 1300 2858 partim

74 2879 185 2960 graeci,
209 2878 324 2964 partim
350 2878 436 2945 latini
459 2886 492 2946 et
521 2880 698 2948 eruditione
729 2885 761 2946 et
784 2879 988 2946 sanctimonia
1011 2880 1187 2960 clarissimi,
1213 2880 1301 2947 tuere

75 2984 213 3052 monachi
238 2992 271 3051 et
293 2983 461 3052 sacrificuli
486 2986 763 3070 (quemadmodum
789 3004 845 3052 ros
864 2986 1066 3070 contemptim
1083 2985 1210 3069 dicitis),
1228 3003 1302 3052 ven-

74 3089 112 3154 tri
134 3098 165 3158 et
187 3092 253 3158 otio
275 3090 396 3158 deditii
419 3091 525 3160 Nonne
549 3094 663 3159 borum
687 3093 738 3159 alii
763 3109 839 3177 opes
862 3091 1052 3178 deliciasque
1068 3093 1160 3159 etiam
1179 3092 1302 3160 habitas

78 3195 158 3264 ultro
180 3198 398 3283 relinquentes
422 3197 495 3265 nudi
520 3205 552 3266 et
575 3215 730 3284 pauperes
746 3198 907 3265 Christum
923 3216 1095 3283 pauperem
1114 3199 1301 3284 nudumque

76 3303 159 3387 seqm
184 3302 389 3370 maluerunt?
412 3304 518 3372 Nonne
542 3303 605 3383 alii,
629 3305 689 3371 boc
712 3305 805 3372 etiam
829 3323 890 3370 nou
915 3305 1064 3382 contenti,
1088 3323 1146 3371 sua
1170 3305 1301 3388 insuper

77 3423 203 3494 corpora
226 3409 343 3476 Christi
367 3410 491 3477 nomine
508 3411 539 3477 in
558 3417 689 3477 mortem
716 3410 873 3478 tradentes
897 3411 1013 3495 scripta
1030 3429 1088 3477 sua
1104 3410 1193 3496 quasi
1210 3427 1301 3476 cruo-

78 3512 119 3580 ris
141 3517 242 3602 sigillo
265 3515 518 3584 confirmarunt?
541 3517 648 3584 Nonne
671 3517 721 3583 alii
754 3535 794 3584 ne
824 3517 968 3584 monacbi
1001 3517 1139 3602 quidem,
1171 3523 1227 3584 aut
1262 3535 1301 3584 ne

78 3621 203 3689 sacrifici
228 3621 356 3708 quidem
381 3621 508 3689 omnino
531 3622 683 3690 inerunt?
715 3623 821 3690 Nonne
852 3641 960 3689 ornnes
983 3623 1118 3708 denique
1147 3629 1301 3708 perpetuo

78 3723 300 3811 lrugalissimos
334 3735 429 3814 atque
463 3729 727 3813 negotiosissimos
760 3728 856 3794 iuisso
892 3729 1030 3794 literaria
1054 3746 1164 3795 corum
1190 3745 1301 3794 monu-

79 3841 175 3900 menta
199 3839 267 3899 tum
285 3834 542 3900 numerosissima
559 3842 625 3900 tum
642 3833 855 3900 eruditissima
870 3832 972 3919 palam
990 3833 1043 3900 toti
1063 3833 1180 3900 mundo
1196 3842 1301 3900 osten·

81 3939 140 4004 tant
154 3937 211 4006 “t
234 3939 355 4006 literae
378 3939 532 4026 siqnidem
557 3939 674 4025 (inquit
697 3939 914 4025 lliaronymus)
933 3939 1059 4006 sudoris
1082 3940 1211 4008 comites
1227 3948 1301 4008 sunt

80 4049 106 4107 et
129 4045 252 4125 laboris,
276 4045 378 4112 sociae
407 4045 596 4113 ieiuniorum
631 4064 692 4112 non
725 4045 909 4124 saturitatis,
933 4046 1142 4113 continentiae
1166 4065 1227 4114 non
1254 4047 1301 4114 lu-

137 4177 276 4226 'Nicetium

137 4260 157 4280 '¹
174 4261 338 4306 osteumntur.

146 4489 154 4520 ¹
174 4493 202 4546 ld
221 4492 308 4558 magis
327 4491 437 4557 explicat
456 4493 481 4545 in
505 4489 735 4546 «conculcarem
755 4490 878 4560 catologo
892 4511 905 4538 ι
928 4491 1010 4560 (Non.
1031 4491 1053 4558 Q
1073 4490 1125 4556 6b;
1145 4493 1167 4558 Q
1187 4492 1223 4559 7).

1162 4599 1193 4650 to
