3390 5096
330 216 395 281 aad
644 230 839 281 conrurarro
863 233 1094 281 coruncanum
1118 233 1235 283 nancei.

329 355 493 424 ediverso
516 356 676 442 graviores
701 357 799 423 mrdto
823 357 912 424 uobis
934 365 1079 424 auctores
1102 365 1195 436 sunl,
1219 356 1336 443 quibus
1371 357 1396 424 si
1429 358 1559 443 quaudo

329 480 410 548 opus
431 461 537 541 tuerit,
560 463 742 548 dionysium
767 464 981 549 areopagitam
1006 463 1046 530 ab
1067 463 1240 532 istiusmodi
1265 463 1432 530 calumniis
1455 465 1560 531 vindi·

329 585 402 638 care
424 569 608 655 poterimus.
645 569 725 653 Quid
760 571 882 636 multa?
905 569 1012 637 Nonne
1035 571 1094 636 hac
1130 570 1161 636 in
1193 588 1228 636 re
1262 570 1416 638 catholico
1439 571 1559 656 cuique
1656 629 1657 646 ,

329 676 442 744 merito
464 675 624 744 suffecerit
646 677 712 744 sola
727 676 915 744 universalis
931 675 1083 744 Ecclesiae
1099 675 1317 744 consuetudo?
1332 694 1414 761 quae
1430 695 1559 763 semper
1656 659 1657 702 l

329 788 360 850 et
384 782 502 869 ubique
525 783 565 849 ab
588 783 676 850 initio
697 784 862 868 hucusque
880 800 938 868 pro
952 783 1107 851 defunctis
1122 783 1234 862 orarit,
1251 800 1346 868 quam
1362 791 1394 850 et
1409 785 1560 870 Augusti·
1656 809 1657 862 ς

329 907 390 956 nris
406 898 437 956 et
452 891 638 957 Athanasius
653 891 684 956 in
703 890 762 956 hoo
786 890 923 957 themate
948 890 1109 958 tractando
1124 890 1240 957 citavit.
1258 889 1389 957 Proinde
1405 891 1558 976 quoniam

329 996 390 1064 sub
416 997 550 1064 articulo
574 996 735 1064 secundo¹
762 995 989 1064 Ecclesiasticas
1016 996 1258 1064 consuetudines
1281 1014 1353 1064 cnm
1380 997 1477 1064 verbo
1501 998 1557 1064 Dei

329 1121 390 1170 non
416 1110 590 1189 pugnantes
621 1121 732 1189 magna
765 1103 865 1170 laudis
896 1102 1085 1187 praefatione
1114 1103 1285 1189 recepistis,
1312 1103 1437 1188 qualem
1471 1123 1558 1171 nunc

329 1226 397 1277 esse
419 1209 584 1276 docuimus
618 1227 711 1276 usum
742 1209 850 1276 orandi
887 1227 945 1295 pro
967 1208 1132 1288 defunctis
1155 1227 1194 1275 an
1218 1227 1280 1276 noo
1305 1209 1420 1276 iterum
1446 1211 1476 1277 in
1501 1229 1560 1278 vos

330 1315 506 1402 regerere*
532 1316 651 1384 licebit:
675 1317 744 1400 Quo
768 1322 888 1384 teneam
913 1315 994 1384 nodo
1017 1322 1190 1384 mutantem
1217 1315 1324 1383 Protea
1348 1315 1497 1383 vultum?

617 1531 821 1599 litttcttctts
845 1531 1041 1599 vtdtsttlds
1064 1532 1265 1599 SECUNDUS.

418 1744 530 1812 Omnia
547 1745 643 1831 igitur
658 1745 882 1824 anniversaria,
896 1747 1016 1826 missas,
1028 1745 1194 1824 orationes,
1207 1745 1419 1830 eleemosynas
1434 1755 1466 1814 et
1483 1745 1559 1812 ieiu-

330 1851 390 1930 nia,
403 1852 577 1938 etreliqua,
590 1869 672 1940 quae
685 1851 908 1937 prodelunctis
923 1859 1071 1938 aguntur,
1085 1851 1211 1919 fraudes
1226 1869 1294 1920 csse
1306 1860 1338 1919 et
1353 1852 1557 1937 imposturas

796 2061 888 2149 (192)
911 2061 1087 2153 Responsio.

419 2277 498 2345 Vere
522 2285 596 2344 sunt
619 2277 745 2345 lraudes
767 2287 798 2344 et
822 2278 1014 2363 imposturae
1036 2277 1152 2358 orrruia,
1175 2295 1257 2363 quae
1280 2277 1310 2344 iu
1338 2277 1473 2345 Ecclesia
1501 2297 1558 2363 pa·

330 2385 439 2469 pistica
462 2391 600 2470 aguntur
625 2403 682 2470 pro
705 2385 848 2462 mortuis,
872 2384 926 2451 sed
951 2384 981 2450 in
1007 2384 1100 2451 laicos
1124 2385 1309 2470 praecipue3
1334 2383 1388 2451 sed
1411 2384 1489 2451 illud
1516 2393 1558 2468 ta·
1656 2401 1657 2468 ᾗ

330 2491 439 2558 euistis
463 2491 492 2557 in
519 2490 745 2576 posterioribus
767 2491 919 2570 articulis,
943 2509 1023 2576 quos
1059 2490 1170 2558 latinos
1203 2489 1328 2570 lecistis,
1361 2490 1502 2559 videntes
1528 2490 1557 2556 id

330 2597 525 2664 manifestius
555 2615 633 2677 esse,
665 2616 760 2684 quam
792 2606 827 2664 ut
859 2598 955 2682 possit
986 2597 1095 2664 refelli.
1120 2597 1194 2664 Nam
1229 2605 1308 2683 quot
1332 2597 1475 2664 videmus
1501 2616 1558 2684 per

330 2703 510 2771 huiusmodi
527 2703 741 2770 anniversaria
756 2713 787 2771 et
804 2705 913 2770 missas
929 2703 1019 2770 bonis
1034 2703 1100 2770 suis
1116 2703 1263 2788 spoliatos
1278 2711 1309 2770 et
1324 2703 1362 2770 ad
1378 2710 1559 2770 extremam

331 2810 472 2878 redactos
490 2809 635 2894 inopiam,
652 2819 683 2876 et
699 2810 783 2896 quod
801 2811 899 2877 lucillo
915 2809 1124 2876 miserabilius
1140 2817 1197 2889 est,
1210 2809 1352 2876 videmus
1366 2810 1557 2895 simplicium

329 2917 449 2984 animos
465 2917 509 2984 sic
525 2935 701 3001 persuasos,
715 2925 751 2983 ut
767 2917 898 2984 salutem
916 2925 1032 3001 ponant
1049 2917 1079 2982 in
1098 2915 1276 2985 huiusmodi
1294 2916 1390 2984 rebus
1405 2925 1557 3002 unquam
1656 2905 1657 2996 J

330 3024 386 3091 sibi
413 3030 638 3109 postmortem
665 3023 849 3110 profuturis.
876 3025 936 3090 tloc
959 3024 1041 3090 enim
1071 3023 1160 3108 prius
1187 3022 1341 3109 agendum
1365 3023 1434 3102 luit,
1459 3032 1496 3089 ut
1521 3041 1559 3090 eo

330 3131 451 3198 facilius
466 3131 506 3196 ab
521 3131 628 3197 otiosis
646 3131 809 3198 ventribus
832 3130 892 3197 sub
917 3137 1084 3215 praetextu
1101 3130 1223 3216 pietatis
1239 3131 1269 3197 in
1287 3129 1435 3216 simplicis
1451 3130 1559 3215 plebe-

330 3238 419 3304 culae
442 3237 523 3304 bona
540 3246 705 3322 pararetur
723 3237 781 3303 ria.
799 3237 888 3304 Tales
904 3237 1047 3304 homines
1062 3237 1135 3303 dicit
1153 3237 1267 3303 Paulus
1282 3238 1383 3322 gratia
1398 3235 1452 3304 Dei
1470 3237 1559 3303 exci-

329 3343 422 3423 disse,
446 3350 476 3409 et
500 3343 544 3410 eis
567 3343 726 3410 Christum
743 3343 859 3410 tactum
880 3361 947 3410 esse
965 3342 1117 3421 inutilem,
1133 3343 1186 3429 (μή
1211 3343 1277 3410 suis
1300 3342 1420 3409 meritis
1442 3341 1557 3410 fidunt.

848 3550 1034 3624 Consumis

419 3771 506 3837 Nunc
529 3778 565 3835 ut
589 3770 696 3854 paucis
719 3769 757 3834 ad
782 3769 947 3835 hosculum
974 3769 1068 3835 istum
1095 3768 1248 3854 Evangelii
1282 3767 1389 3847 vestri,
1414 3769 1473 3835 boc
1509 3775 1558 3836 est

330 3875 541 3943 conviciosum
566 3875 760 3943 mendacium
786 3875 1040 3960 respondeamus,
1070 3893 1133 3960 quo
1157 3875 1352 3960 superiorem
1383 3875 1556 3942 articulum

392 4009 402 4030 ·
420 4007 445 4055 in
462 4009 527 4056 robis
545 4023 634 4066 regere.

330 4255 393 4308 dere
412 4261 538 4308 conentur
556 4261 717 4318 suspectum,
738 4251 830 4318 trigide
849 4259 937 4304 tarum
957 4251 984 4304 ld
1004 4252 1108 4306 lactent.
1128 4251 1217 4319 Neque
1241 4251 1312 4304 enim
1338 4252 1395 4304 ullis
1414 4266 1554 4318 argumen-

330 4343 363 4395 tls
383 4340 564 4409 probabilibus
583 4348 704 4406 utuntur3
723 4342 808 4394 solum
828 4340 932 4406 tingunt
950 4355 980 4393 ac
998 4341 1131 4406 rehngunt
1149 4355 1198 4408 pro
1216 4355 1263 4394 sua
1283 4339 1389 4394 libidine
1407 4341 1524 4409 quiduis.

403 4430 410 4461 ¹
431 4432 517 4498 Supra
536 4431 581 4484 98.
