3384 5082
351 206 414 272 256
666 221 862 272 consummo
885 223 1116 272 curnenanrsur
1140 223 1256 272 nasici.

351 348 487 416 redirent
512 348 663 427 veritalis
687 357 718 414 at
750 347 864 433 pollue,
889 355 925 414 nt
949 347 1056 415 relicta
1087 348 1218 414 veritate
1254 350 1283 414 in
1315 367 1461 415 errorum
1482 349 1577 415 deria

349 457 510 523 vobiscum
534 456 667 523 abirent.
692 457 767 522 Nam
793 456 955 522 veritatem
973 473 1033 523 non
1050 456 1133 540 apud
1153 474 1217 533 ros,
1240 464 1272 522 at
1288 455 1393 541 [uilius
1415 455 1492 540 apud
1516 474 1579 521 nos

349 564 546 649 maioresque
571 572 694 630 nostros
716 581 785 630 esse
820 563 878 628 boc
903 559 996 643 (230)
1029 561 1141 646 triplici
1174 581 1344 648 congressu
1370 571 1428 641 sat,
1451 563 1578 647 opinor,

349 687 509 755 superque
536 669 862 736 commonstravimus.
897 669 1027 763 Proinde
1057 687 1118 734 non
1152 669 1378 760 maledictione,
1409 679 1440 734 at
1470 669 1580 754 potins

242 818 271 885 ω.
314 821 320 842 .
348 774 563 842 benedictione
585 775 668 860 digni
686 782 777 841 erant
801 775 831 841 bi
856 774 1043 852 sacerdotes,
1060 775 1142 860 qrrod
1165 775 1345 860 prudenter
1362 783 1398 840 ut
1412 783 1580 860 serpentes
1663 787 1664 814 ³

270 872 275 885 '
348 881 385 946 ad
411 899 525 966 pravas
547 881 762 966 suggestiones
786 889 907 948 vestras
930 900 990 947 non
1015 898 1117 960 secus,
1145 889 1240 966 atque
1263 880 1336 946 olim
1362 881 1435 947 socii
1460 879 1581 964 Ulyssis
1663 895 1664 908 ¹

348 987 385 1054 ad
410 989 554 1054 Sireneos
577 995 688 1054 cantus
711 1005 805 1054 aures
821 1005 895 1054 snas
915 987 1116 1054 obturarunt.
1142 992 1177 1053 nt
1201 1005 1258 1055 nee
1281 985 1577 1055 excommunicandi

348 1095 565 1161 auctoritatem
591 1113 686 1179 penes
710 1095 785 1161 istos
818 1112 897 1172 esse,
920 1101 951 1160 at
974 1093 1057 1178 apud
1090 1094 1166 1160 istos
1189 1095 1485 1167 excommunicatos,
1515 1110 1580 1158 nec

350 1201 500 1286 populum
537 1200 630 1267 istum
666 1219 734 1268 csse
769 1201 992 1278 Christianum,
1024 1208 1056 1266 at
1092 1201 1297 1279 linereticum,
1325 1218 1382 1267 nec
1407 1201 1578 1284 vibergen-

348 1324 413 1373 sem
439 1306 529 1372 istam
554 1305 669 1374 laecem
697 1307 861 1400 Ecclesiam
888 1305 941 1374 bei
973 1325 1052 1384 esse,
1075 1313 1106 1372 at
1141 1307 1305 1374 Ecclesiam
1340 1305 1578 1392 malignantium
1663 1293 1664 1310 ¹

348 1422 379 1480 et
403 1415 532 1479 Satanae
554 1431 755 1498 synagogam,
778 1433 819 1480 ex
857 1420 920 1480 lota
956 1414 1013 1480 bac
1044 1413 1254 1498 disputatione
1286 1413 1363 1482 nulli
1389 1413 1455 1498 (qui
1483 1413 1580 1478 modo
1663 1411 1664 1416 ’

349 1519 390 1586 sil
412 1519 534 1599 docilis)
559 1521 689 1604 postbae
720 1520 902 1605 ambiguum
934 1538 1003 1586 esse
1036 1537 1116 1586 reor.
1142 1519 1296 1603 Quocirca
1328 1517 1430 1604 neque
1459 1517 1579 1584 doctri·
1663 1521 1664 1584 Τ

350 1643 420 1692 nam
457 1625 572 1692 Christi
609 1644 666 1692 nee
701 1627 785 1692 Pauli
822 1627 1015 1711 exemplum,
1051 1625 1316 1712 quemadmodum
1352 1623 1430 1692 lalso
1462 1624 1579 1699 dicitis,
1663 1617 1664 1666 ἶ

270 1778 274 1788 ·
319 1734 408 1800 ·bac
439 1733 468 1799 in
502 1751 536 1799 re
562 1733 670 1799 imitati
695 1741 779 1799 sunt.
803 1733 948 1800 Cbristus
979 1733 1061 1799 enim
1092 1731 1183 1799 docet
1215 1733 1284 1798 illos
1311 1732 1507 1798 anathemate
1531 1731 1580 1796 le.-
1663 1731 1664 1768 ³

350 1839 485 1916 ciendos,
509 1839 563 1924 qui
589 1847 658 1925 post
680 1839 907 1906 admonitiones
932 1841 1074 1924 praevias
1099 1839 1263 1906 Ecclesiam
1282 1839 1335 1906 llei
1360 1847 1577 1906 contemnunt.
1663 1859 1664 1874 ¹

251 1960 256 1970 ·
282 1989 288 2002 ·
316 1991 323 2004 ·
350 1947 476 2013 mistos
500 1954 734 2013 contemnentes
757 1947 887 2012 Satanae
911 1964 1097 2031 synagogam
1122 1953 1337 2022 contemnunt.
1364 1946 1477 2012 Paulus
1501 1964 1579 2011 vero

351 2053 524 2120 haereticos
547 2053 745 2120 anathemate
769 2053 941 2138 percussit;
966 2059 998 2119 ut
1021 2053 1107 2130 istos,
1131 2071 1192 2119 non
1219 2053 1275 2120 bos
1302 2069 1370 2120 esse
1403 2051 1580 2119 haereticos

349 2160 516 2227 universae
547 2160 766 2244 disputationis
800 2178 969 2245 progressu
1003 2159 1062 2225 iam
1087 2158 1211 2228 abunde
1246 2167 1377 2226 constat.
1403 2160 1466 2225 Non
1499 2177 1578 2244 ergo

349 2265 464 2332 Christi
500 2265 673 2332 doctrinam
711 2265 920 2350 impudenter,
944 2275 976 2330 at
1010 2275 1147 2332 vestram
1182 2265 1342 2332 audaciam
1381 2267 1533 2332 bactenus
1556 2287 1577 2329 a

349 2373 474 2438 Christo
497 2379 570 2438 nato
594 2371 763 2438 inauditam
790 2372 881 2438 nimis
905 2390 999 2458 quarn
1031 2371 1185 2455 pudenter
1209 2372 1415 2439 temeritatem
1439 2372 1579 2457 appella-

350 2479 464 2545 vimus.

440 2586 471 2651 ln
496 2603 619 2652 summa
644 2585 719 2652 baec
744 2583 935 2652 temeritas*
959 2585 1109 2682 universi
1130 2585 1249 2652 erroris
1273 2587 1368 2654 vestri
1392 2585 1581 2652 fundamen-

351 2701 416 2758 tum
442 2700 499 2771 est,
524 2691 553 2756 id
585 2693 668 2777 quod
702 2692 1000 2777 inexpugnabilibus
1031 2693 1074 2776 (ni
1108 2692 1211 2775 latior)
1245 2693 1451 2778 argumentis,
1482 2699 1515 2758 et
1547 2693 1582 2758 in
1663 2671 1664 2762 ?

350 2807 487 2884 utroque
511 2817 680 2884 congressu
708 2799 822 2884 priore,
846 2808 877 2866 et
900 2801 960 2866 snb
984 2799 1130 2885 proximo
1155 2799 1251 2866 buius
1283 2801 1365 2866 tertii
1389 2817 1584 2884 congressus
1663 2789 1664 2814 ¹

350 2905 511 2972 articuln¹
536 2905 730 2972 rnnlutatum
756 2913 811 2972 est.
838 2907 943 2992 ltaque
968 2924 1078 2973 revera
1095 2907 1269 2974 maledictio
1286 2915 1389 2973 vestra
1412 2915 1461 2972 est
1485 2907 1584 2972 bene-
1663 2939 1664 2944 κ

350 3012 455 3091 dictio,
478 3031 572 3098 quam
597 3012 742 3078 Cbristus
764 3012 846 3096 apud
874 3012 1015 3080 loannem
1048 3013 1112 3078 suis
1136 3014 1344 3080 obventurum
1376 3012 1582 3098 praedicens:

213 3131 243 3175 10
259 3128 328 3184 Μ
353 3118 496 3196 Alienos,
521 3119 633 3204 inquil,
657 3121 883 3205 uspnugopis
905 3118 1030 3206 socient
1054 3139 1120 3186 ons
1146 3120 1211 3184 lt
1205 3137 1265 3186 ram
1301 3125 1373 3186 ante
1396 3137 1471 3185 suns
1493 3121 1582 3204 apud

207 3236 318 3335 ”w
351 3226 540 3291 llattbaeum
565 3234 596 3291 et
620 3226 733 3291 Lucam
758 3225 910 3292 alluersus
926 3243 993 3291 eam
1018 3225 1183 3292 consolans·
1205 3226 1347 3293 dixerat:
1374 3225 1469 3291 Benlr'
1488 3227 1583 3305 estis,

189 3345 240 3390 noo.
235 3343 277 3442 33.
291 3342 327 3388 ¹¹
351 3351 426 3398 eum
451 3351 507 3397 vos
530 3333 671 3409 oderint,
689 3331 779 3398 nobis
802 3331 925 3398 meleu
913 3333 1034 3398 emerint
1057 3343 1086 3398 el
1111 3353 1166 3398 vor
1187 3333 1353 3418 persecuti
1373 3329 1503 3418 feceruut
1524 3331 1584 3398 bo-

350 3441 466 3518 mines,
490 3449 518 3504 el
541 3440 772 3524 sepnrwnnere'nt
796 3458 864 3516 nos,
888 3449 916 3504 el
940 3439 1213 3524 exprobraverint
1236 3449 1264 3506 et
1287 3439 1438 3506 eiecerint
1460 3459 1584 3506 nomeu

351 3554 494 3612 vestrum
520 3555 681 3634 tuliparum
706 3546 835 3612 mulum
868 3555 1005 3630 propter
1039 3546 1146 3630 silium
1184 3533 1348 3623 donirnie,·
1377 3545 1519 3632 gaudete
1552 3557 1583 3610 et

350 3650 517 3731 euullutc,·
540 3673 609 3718 ecee
632 3654 717 3718 ruine
750 3672 873 3718 merces
905 3663 1014 3717 uestra
1045 3653 1151 3720 melre
1175 3663 1222 3718 err
1246 3653 1520 3738 menumquam
1549 3663 1584 3718 el

350 3758 440 3824 nobis
463 3766 494 3824 ct
519 3759 755 3844 vobiscumque
780 3759 817 3834 tsi
844 3766 945 3826 tauron
977 3759 1069 3844 digne
1102 3760 1319 3844 resipiscentes
1342 3759 1379 3826 ad
1411 3759 1581 3826 Ecclesiam

350 3865 464 3930 Cbristi
482 3863 573 3946 (zeli
598 3867 700 3932 redire
727 3865 836 3942 velitis,
862 3903 903 3914 -
929 3866 956 3932 id
982 3867 1065 3952 ‹prrod
1091 3867 1179 3932 rolris
1203 3867 1294 3934 unice
1311 3879 1490 3951 precamur)
1517 3866 1581 3933 lar-

350 3971 408 4056 giri
433 3971 580 4056 dignetur
603 3972 750 4038 dominns
774 3982 882 4038 noster
901 3973 985 4038 lesus
1001 3974 1156 4051 Clrristus,
1172 3973 1273 4039 lactus
1290 3991 1348 4058 pro
1372 3973 1461 4038 nobis
1482 3975 1582 4040 uude-

350 4078 463 4156 dictus‚
487 4086 622 4146 attanrcn
648 4081 677 4146 in
702 4080 807 4146 secula
832 4081 1023 4146 benedictus.
1049 4083 1152 4146 lmen.

413 4213 423 4232 ¹
440 4211 454 4257 2
472 4212 584 4258 vocabula
605 4213 685 4258 ‹liuee
700 4211 846 4258 temeritas»
866 4214 960 4258 desunt.

424 4417 432 4448 ¹
454 4420 469 4472 i.
489 4434 512 4473 e.
532 4427 579 4472 nrt.
599 4419 696 4473 xxvi.
715 4433 794 4484 supro
816 4419 941 4472 utu-ult.
