3384 5082
551 280 680 330 nennius
702 281 908 334 couoncssus.
1276 264 1339 330 atu

122 413 266 472 nascetur
287 406 441 474 ridiculus
463 424 543 474 mus.
570 405 719 484 Profecto,
736 407 760 472 si
780 406 870 474 ruodo
893 406 1012 493 absque
1035 407 1220 491 pusillorum
1245 407 1340 473 otien-

119 511 224 578 diculo
246 513 311 580 deri
337 514 454 591 liceret,
479 514 556 580 nibil
579 513 719 580 omnium
745 514 819 580 mibi
844 511 984 580 accidere
1000 520 1104 599 posset
1119 514 1264 598 optatius.
1282 513 1340 580 Sed

35 627 36 648 ³
120 637 161 685 ne
178 619 245 704 quis
266 620 347 686 lorte
371 626 491 687 vestras
506 620 581 686 istas
598 620 748 687 laicorum
765 620 975 687 ordinationes
992 621 1174 687 temerarias
1191 628 1339 706 tanquam

118 726 190 791 novi
220 727 379 812 quippiam
412 726 596 804 admiretur,
620 726 646 794 is
669 727 909 805 Tertullianum,
934 725 1115 812 apostolicis
1146 726 1341 812 temporibus

119 832 263 911 uicinum,
287 833 318 900 in
345 833 425 901 libro
440 833 478 900 de
495 833 793 919 praescriptionibus
810 834 1039 900 baereticorum
1057 837 1068 873 ¹
1085 833 1191 899 audiat
1215 833 1244 898 in
1263 833 1340 898 baec

117 938 212 1004 verba
245 940 454 1006 scribentem:
495 939 792 1018 «Ordinationes»,
818 940 929 1024 inquit,
967 957 1107 1006 «eorum
1144 939 1339 1017 temerariae,

117 1044 210 1123 leves,
234 1047 462 1113 inconstantes:
487 1065 571 1113 nnnc
597 1047 768 1131 neophytos
792 1047 954 1125 collocant,
986 1063 1069 1112 nunc
1093 1044 1199 1112 seculo
1226 1044 1339 1111 obstri-

116 1161 200 1218 ctum
217 1151 241 1231 ',
266 1171 350 1220 nunc
373 1161 531 1239 apostatas
554 1161 688 1231 nostros
713 1163 748 1220 ut
772 1153 869 1238 gloria
901 1169 954 1218 eos
977 1153 1125 1237 obligent,
1149 1151 1231 1237 qnod
1258 1151 1339 1218 seri·

115 1265 178 1324 tale
200 1277 261 1326 non
288 1268 428 1344 possunt.
454 1261 613 1345 Nusquam
637 1260 760 1326 facilius
785 1259 958 1344 proficitur,
983 1277 1077 1344 otram
1104 1259 1133 1325 in
1159 1259 1270 1324 castris
1293 1277 1339 1324 re-

117 1363 257 1446 bellium,
282 1365 334 1433 ubi
360 1367 462 1451 ipsum
487 1385 554 1434 esse
578 1366 639 1432 illic
665 1366 836 1451 promereri
854 1373 909 1432 est.
936 1366 1041 1450 imque
1057 1365 1139 1430 alins
1162 1364 1252 1431 bodie
1271 1365 1338 1450 Epi-

117 1489 241 1556 scopus,
265 1489 336 1539 cras
358 1473 450 1551 alius
481 1472 572 1539 bodie
606 1472 767 1549 diaconus
790 1472 844 1557 qui
869 1489 940 1538 cras
975 1472 1082 1549 lector,
1108 1471 1198 1538 bodie
1231 1472 1338 1550 laicus,
1406 1557 1408 1562 ,

116 1579 169 1662 qui
192 1597 265 1646 cras
301 1579 474 1664 presbyter.
510 1579 585 1645 Nam
610 1587 640 1645 et
663 1578 745 1663 apud
779 1597 832 1646 eos
869 1579 953 1644 laicis
976 1578 1180 1644 sacerdotalia
1207 1596 1338 1644 munera

114 1685 324 1772 ininnguntur
341 1713 370 1751 n.
395 1689 438 1752 dn
463 1705 524 1753 non
549 1687 600 1753 bic
623 1705 641 1752 a
665 1686 866 1764 Tertulliano,
890 1686 1016 1753 doctore
1045 1695 1106 1752 mm
1133 1693 1265 1763 vetrasto,
1291 1705 1338 1751 ve·

114 1800 194 1858 strae
218 1793 431 1860 ordinationes
455 1793 531 1859 istae
555 1811 613 1860 ceu
639 1793 781 1878 penicillo
804 1792 1041 1878 depinguntur?

410 2007 614 2076 sustentus
638 2007 834 2075 VtGEStlttls
858 2007 1047 2074 SEPTIMUS.

199 2221 441 2287 Concionatores
477 2221 681 2306 l'ibergenses
721 2221 811 2287 simili
853 2222 1027 2288 temeritate
1061 2221 1336 2287 excommunicare

112 2334 393 2412 praesumpserunt
408 2345 516 2393 omnes
532 2326 718 2406 sacerdotes,
735 2345 822 2393 more
839 2328 975 2393 Romano
991 2327 1194 2405 celebrantes,
1210 2345 1336 2394 eorum-

113 2449 174 2517 que
199 2433 311 2500 missas
342 2434 445 2500 itidem
478 2433 650 2512 audientes,
683 2441 714 2500 et
743 2433 869 2520 uiridem
900 2453 971 2500 curn
999 2434 1192 2501 invocatione
1216 2433 1334 2501 bracbii

114 2541 267 2608 meritoris
289 2559 308 2606 a
332 2541 515 2625 magistratu
542 2541 722 2624 l'iberpensi
747 2540 786 2606 ad
809 2541 1142 2607 excommunicationis
1159 2542 1255 2606 balius
1279 2559 1336 2607 ex·

111 2649 315 2726 secutionem,
339 2648 395 2732 ipsi
423 2656 488 2714 lum
515 2647 593 2713 iuris
615 2648 734 2732 scripti,
753 2655 818 2714 tum
843 2647 954 2714 iudicis
970 2667 1097 2734 ottoque
1122 2647 1248 2732 legitimi
1266 2666 1335 2714 sen-

110 2756 206 2821 tentia
228 2753 491 2822 excommunicati
516 2773 633 2820 omnes.
781 2760 783 2770 '

636 2964 811 3054 Responsio.

198 3175 291 3262 (221)
315 3179 368 3246 ilic
392 3179 545 3246 articulus
568 3179 636 3244 aliis
659 3179 805 3246 omnibus
828 3179 1042 3263 impudentius
1078 3179 1236 3246 lateritium.
1261 3179 1333 3244 Tria

110 3285 264 3372 siqnidem
288 3285 446 3352 mendacia
462 3285 661 3371 vibergensis
679 3285 830 3352 Ecclesiae
847 3286 998 3352 ministris
1015 3286 1166 3371 impingit.
1185 3286 1332 3363 Primulo,

108 3393 191 3478 aprino
218 3411 279 3458 non
305 3400 379 3459 sunt
401 3395 673 3460 excommunicati¹
700 3394 773 3460 Nam
799 3393 850 3459 illa
873 3394 1166 3469 excommunicatio,
1189 3411 1270 3479 spatae
1287 3393 1333 3459 in-

108 3507 156 3566 ter
178 3499 373 3566 Christianos
397 3499 426 3566 in
452 3509 538 3567 recto
570 3519 630 3566 usu
660 3519 783 3586 semper
814 3507 861 3566 est
886 3501 1000 3578 babitu,
1026 3519 1186 3586 nunquam
1221 3502 1250 3566 in
1280 3519 1333 3566 cos

105 3605 166 3672 luit
191 3607 392 3691 pronuntiata
416 3625 471 3674 nec
496 3625 532 3674 oo
558 3607 658 3684 modo,
676 3625 769 3692 utrem
788 3607 894 3673 literae
912 3625 1018 3672 sarrae
1043 3607 1260 3691 praescribunt
1277 3627 1332 3674 no·

106 3713 155 3780 bis
177 3713 216 3780 ad
249 3715 432 3780 sententiam
469 3714 801 3781 excommunicationis
831 3713 1003 3790 terendam,
1039 3732 1095 3780 nec
1125 3733 1182 3799 pro
1216 3715 1333 3799 prailius

105 3821 211 3888 causis
233 3819 346 3887 docent
369 3839 436 3887 eam
463 3821 597 3906 legitime
621 3821 687 3886 steri
721 3821 830 3886 solere.
857 3821 920 3887 Non
957 3821 1039 3887 enim
1064 3841 1117 3888 eos
1143 3822 1226 3898 latet,
1250 3822 1331 3888 iniu-

105 3934 184 3992 stam
209 3927 567 3994 excommunicationem
603 3927 667 3992 sire
704 3926 950 3992 maledictionem
988 3927 1231 3993 benedictionem
1264 3947 1332 3994 esse

104 4031 187 4118 apud
215 4033 324 4099 Deum,
349 4033 455 4100 Maltlr.
482 4035 510 4098 ii.
535 4041 566 4099 et
591 4034 666 4099 l’sal
690 4033 786 4098 ltt'ttt.

106 4249 372 4260 .—

177 4389 184 4422 ¹
206 4392 283 4458 Apud
304 4391 569 4458 pigneraretur.
590 4394 615 4444 tl.
636 4407 658 4442 c.
678 4391 721 4443 st.
740 4405 768 4456 p.
789 4392 832 4442 68.

175 4475 186 4509 ’
206 4481 283 4546 apud
304 4481 388 4546 iligna
407 4481 423 4532 l.
441 4495 463 4534 c.
486 4501 498 4527 ι
514 4479 687 4534 obstrictos»,
