3390 5096
358 239 420 308 199
671 255 867 308 coneursum
889 256 1121 305 nurusuamsur
1144 255 1261 304 naurcr.

352 383 395 450 sis
418 380 547 467 antiqua
581 397 654 448 cum
689 381 829 448 omnium
864 387 1095 448 sacramentum
1126 379 1246 447 ordinis
1279 380 1472 466 negantium,
1516 387 1593 446 tum

352 506 428 556 vero
442 487 688 574 Catapbrygum,
705 487 947 572 Peputianorum
964 494 995 554 et
1009 487 1292 572 Quinctilianorum
1315 494 1374 554 etc.
1400 487 1513 554 Nonne
1532 485 1595 572 igi·
1667 545 1668 570 p

352 601 406 662 tur
429 601 461 662 et
479 594 511 661 bi
532 593 673 681 quinque
689 594 812 661 articuli
830 593 900 662 iure
916 594 1004 662 robis
1021 601 1170 679 tanquam
1187 593 1334 660 baeretici
1352 599 1428 660 suut
1442 593 1596 660 obiecti?
1667 671 1668 694 3

663 805 868 874 acriculus
890 805 1053 874 bucinus
1076 805 1265 873 senuimus,

443 1018 625 1087 Sacerdotes
647 1036 756 1087 omnes
778 1027 925 1104 oportere
948 1019 1130 1105 coniugatus
1145 1037 1224 1099 esse,
1240 1026 1271 1086 et
1295 1019 1453 1086 uxoribus
1468 1018 1594 1087 delun-

183 1085 336 1186 m&
353 1125 412 1194 ctis
436 1125 529 1193 licere
552 1125 598 1192 eis
619 1125 761 1212 accipere
784 1124 870 1204 alias,
894 1125 920 1192 si
943 1125 1111 1193 voluerint.

877 1335 1052 1428 Responsio.

443 1552 579 1620 Primam
614 1552 711 1620 buius
744 1551 868 1640 articuli
901 1558 1022 1638 partem
1053 1571 1216 1639 uunquam
1243 1552 1426 1632 docuimus;
1463 1552 1593 1620 idcirco

353 1666 493 1727 nostram
517 1676 586 1728 esse
620 1659 745 1746 penitus
779 1676 952 1744 negamus;
976 1659 1094 1726 scimus
1127 1659 1210 1726 enim
1235 1659 1288 1726 Dei
1313 1656 1405 1743 (163)
1429 1659 1593 1727 beneficio

353 1765 535 1852 coniugium
560 1765 726 1853 quibusvis
748 1783 816 1834 esse
839 1765 974 1832 liberum
999 1765 1031 1832 iu
1055 1783 1136 1833 noro
1170 1771 1365 1846 testamento,
1388 1783 1447 1833 nec
1469 1785 1591 1852 quem·

353 1890 448 1958 quam
472 1871 509 1940 ad
535 1871 565 1939 id
588 1871 656 1958 cogi
679 1871 805 1951 debere,
829 1871 888 1939 nisi
920 1872 975 1958 qui
999 1871 1117 1939 donum
1148 1871 1357 1940 continentiae
1388 1888 1449 1940 non
1475 1872 1589 1940 babet.

353 1979 466 2046 Utatur
488 1995 564 2065 ergo
586 1979 807 2065 unusquisque
829 1978 912 2046 dono
935 1978 991 2046 sibi
1017 1997 1035 2044 a
1058 1978 1123 2046 Deo
1145 1977 1217 2046 dato
1241 1979 1332 2046 iuxta
1356 1979 1440 2046 Pauli
1464 1979 1590 2047 doctri·

353 2103 426 2152 nam
455 2089 482 2152 l.
508 2084 546 2151 ad
569 2085 639 2152 Cor.
665 2088 694 2151 7.
719 2092 751 2152 et
773 2083 889 2152 Cbristi
913 2085 1020 2152 ilattb.
1041 2087 1090 2152 19.
1115 2085 1213 2153 Porro
1233 2085 1363 2153 alteram
1389 2091 1512 2171 partem
1530 2104 1589 2154 ve-

353 2209 421 2259 ram
445 2191 615 2259 asserimus
637 2199 669 2258 et
692 2209 710 2257 a
734 2198 842 2258 nostra
868 2190 1010 2259 doctrina
1041 2190 1222 2277 prolectam,
1250 2191 1389 2258 maxime
1415 2209 1490 2259 cum
1520 2210 1587 2259 non

353 2304 473 2384 pugnat
495 2315 567 2364 cum
591 2297 689 2364 sacris
712 2296 822 2377 literis,
847 2315 903 2364 nec
938 2297 1097 2382 scriptura
1118 2296 1286 2364 discrimen
1317 2296 1390 2364 iacit
1411 2297 1586 2384 (quantum

354 2403 391 2470 ad
417 2403 497 2470 banc
521 2420 587 2470 rem
611 2403 734 2485 attinet)
759 2403 840 2470 iuter
865 2404 979 2488 vulgus
1001 2410 1033 2470 et
1057 2403 1209 2470 Ecclesiae
1233 2403 1401 2471 ministros.

872 2612 1060 2686 annuato.

444 2827 530 2896 Unde
552 2828 746 2898 commodius
769 2829 820 2896 hic
854 2829 970 2908 ordiar,
994 2829 1236 2896 immundissimi
1271 2847 1355 2909 sues,
1379 2846 1477 2914 quam
1513 2829 1587 2898 inde

213 2947 261 2994 ⁶¹¹·
275 2945 296 3001 ³.
310 2945 331 2991 ³·
356 2936 440 3023 quod
463 2935 502 3003 ad
525 2935 648 3003 Galatas
671 2953 745 3004 suos
768 2937 812 3004 ait
835 2937 967 3004 Paulus:
993 2936 1082 3004 Adeo
1116 2935 1210 3003 stubi
1242 2937 1331 3015 estis,
1355 2955 1431 3002 cmm
1455 2937 1587 3022 spiritu

355 3042 537 3130 coeperitis,
560 3061 651 3109 nunc
685 3061 788 3110 curae
818 3042 1108 3110 conrummamini.
1145 3043 1293 3111 Haeccine
1328 3042 1380 3110 illa
1408 3042 1588 3128 spiritualis

356 3147 491 3216 Ecclesia
514 3155 571 3228 est,
596 3167 691 3234 quam
716 3149 777 3216 sub
799 3149 902 3235 primo
932 3149 1067 3218 articulo
1090 3149 1273 3216 iactabatis?
1297 3149 1446 3217 Haeccine
1469 3149 1525 3215 illa
1550 3150 1588 3217 li-

355 3255 461 3324 bertas
483 3261 532 3323 est
554 3255 695 3340 spiritus,
719 3273 815 3342 quam
838 3255 899 3324 sub
921 3255 1055 3322 articulo
1079 3255 1216 3323 secundo
1240 3254 1491 3341 praedicabatis?
1513 3255 1589 3323 llic-

356 3363 425 3431 cine
447 3361 579 3448 spiritus
603 3362 654 3430 ille
677 3369 734 3442 est,
758 3381 852 3449 quem
888 3363 988 3448 plenis
1011 3365 1061 3446 (ut
1090 3362 1192 3446 aium)
1216 3363 1325 3430 buccis
1359 3361 1442 3449 apud
1472 3379 1589 3430 omnes

355 3469 493 3536 interdiu
517 3487 553 3536 ac
576 3469 700 3554 publice
724 3469 869 3554 crepatis,
894 3476 930 3536 ut
953 3468 1101 3554 privatim
1126 3486 1162 3536 ac
1189 3475 1280 3536 nocte
1304 3485 1398 3536 carne
1421 3467 1588 3535 fruamini.

186 3585 249 3631 aas.
262 3584 284 3640 ⁸.
298 3585 333 3630 ¹³·
356 3577 393 3643 tt
415 3575 568 3661 scriptum
591 3583 656 3644 est:
681 3575 719 3644 Si
740 3575 921 3644 secundum
937 3593 1073 3642 curuum
1089 3575 1252 3654 vixeritis,
1268 3573 1466 3641 moriamini.
1486 3573 1589 3642 Porro

357 3699 537 3768 quanquam
560 3681 599 3748 ad
623 3682 760 3768 priorem
786 3681 880 3749 buius
902 3680 1026 3749 articuli
1051 3691 1171 3767 partem
1197 3680 1420 3767 respondentes
1435 3699 1493 3766 pro
1508 3698 1589 3750 con·

358 3789 524 3856 suetudine
560 3797 663 3856 restra
687 3791 795 3875 (quam
832 3805 923 3855 secus
954 3787 1037 3873 apud
1069 3795 1191 3856 ceteros
1217 3795 1312 3875 atque
1343 3787 1426 3855 inter
1461 3793 1588 3856 vestros

359 3894 474 3975 dicitis)
496 3895 656 3982 aliquanto
681 3895 872 3962 moderatius
895 3895 1069 3980 loquimini,
1093 3912 1188 3979 quam
1212 3903 1243 3962 et
1267 3913 1322 3962 vos
1346 3893 1542 3981 praedicasse
1568 3915 1588 3962 a

359 4002 421 4070 fide
443 4001 544 4088 dignis
566 4001 754 4088 accepimus,
771 4009 802 4068 et
817 4001 937 4086 aliquot
960 4001 1102 4068 iectionis
1118 4010 1240 4068 restrae
1256 4001 1423 4087 complices
1438 3999 1512 4068 alibi
1527 3999 1587 4069 do-

360 4109 462 4177 cuisse
485 4116 571 4176 certo
594 4109 722 4188 scimus,
746 4107 800 4194 qui
833 4107 937 4174 nescio
971 4125 1107 4192 quarum
1133 4108 1386 4176 interminatione
1410 4125 1586 4194 poenarum

360 4215 506 4283 omnibus
536 4215 729 4300 presbyteris
763 4233 779 4280 e
812 4220 959 4300 suggesto
993 4213 1118 4298 publice
1152 4213 1332 4300 coniugium
1368 4207 1585 4300 imperabant:

359 4321 484 4407 quando
507 4321 624 4389 scilicet
646 4321 766 4407 negatis
789 4338 845 4388 ros
875 4320 1018 4388 docuisse
1046 4338 1199 4407 uuquam,
1223 4329 1371 4407 oportere
1401 4321 1588 4408 coniugatus

358 4445 427 4496 esse
450 4427 627 4496 sacerdotes
649 4445 768 4508 omnes,
792 4435 859 4494 tum
885 4428 932 4494 vel
956 4428 1000 4494 sic
1023 4427 1054 4494 iu
1072 4427 1131 4494 isto
1148 4429 1359 4498 moderamine
1384 4437 1489 4496 vestro
1504 4428 1586 4497 duos
