3390 5096
365 325 427 392 idi
679 342 875 393 courururro
898 341 1129 393 uurusnarusur
1152 345 1269 394 nautor.

362 466 469 552 ltaque
493 483 550 534 uec
573 467 625 534 hic
648 473 705 546 est,
730 485 794 554 quo
815 466 971 553 dogmatis
993 469 1131 536 nouitate
1161 469 1288 555 gloriari
1321 470 1456 556 possitis.
1486 471 1598 536 Nonne

361 571 458 658 igitur
482 573 533 640 hio
557 591 684 658 quoque
706 573 872 652 articulus,
896 575 988 642 toties
1011 575 1071 640 iam
1089 575 1267 644 haereticus
1286 576 1442 644 maiorum
1459 574 1598 644 miculis

361 679 587 746 condemnatus
610 687 641 747 et
664 695 683 746 a
707 680 794 747 vobis
817 697 876 765 pro
906 687 1010 748 vestro
1040 681 1176 767 agnitus,
1200 681 1370 750 iustissime
1394 683 1482 750 robis
1507 680 1597 749 obie

360 794 431 854 ctus
454 791 522 853 estt

796 999 1000 1067 auricomis
1023 999 1157 1066 NONUS.

319 1297 327 1309 ι
446 1209 580 1276 Tantum
603 1209 667 1277 duo
689 1227 758 1278 esse
781 1217 984 1292 sacramenta,
1008 1211 1198 1296 baptismum
1221 1218 1253 1278 et
1277 1209 1523 1288 Eucharistiam,
1542 1225 1596 1275 oe-

307 1360 313 1373 .
361 1323 428 1383 tera
450 1333 527 1382 vero
551 1316 691 1383 humana
713 1333 782 1384 esse
805 1317 964 1402 figmenta.

886 1523 1062 1616 Responsio.

447 1740 605 1808 Vocabulo
628 1739 814 1807 sacramenti
846 1738 1014 1824 significari
1049 1745 1180 1824 possunt
1210 1739 1314 1806 omnia
1336 1755 1434 1824 opera
1457 1737 1595 1814 Christi,

357 1847 449 1914 modo
473 1847 580 1914 stricte
603 1853 635 1912 et
658 1845 850 1912 contentiose
872 1844 1055 1930 accipiatur.
1080 1844 1138 1912 Sed
1162 1845 1187 1911 si
1212 1845 1386 1912 secundum
1404 1863 1499 1913 usum
1520 1845 1595 1911 vul-

358 1971 464 2039 garem
500 1969 673 2030 sumamus
708 1957 830 2017 tantum
864 1951 928 2017 duo
959 1957 1033 2017 sunt
1067 1959 1262 2018 sacramenta
1293 1951 1366 2018 nori
1397 1950 1594 2028 testamenti,

357 2060 588 2145 scripturarum
626 2057 803 2124 testimonio
842 2056 989 2136 stabilita,
1025 2056 1199 2143 baptismus
1232 2065 1264 2125 et
1303 2057 1508 2124 Eucharistia.
1551 2056 1594 2122 Ea

357 2165 502 2232 Christus
525 2183 543 2230 a
565 2183 598 2231 se
622 2163 765 2230 instituta
788 2181 846 2230 suo
871 2163 968 2230 verno
1003 2171 1151 2249 tanquam
1173 2163 1238 2231 duo
1261 2171 1394 2232 externa
1418 2164 1508 2250 sigua
1531 2181 1591 2248 ap·

356 2273 471 2358 posuit,
496 2277 532 2337 ut
554 2269 837 2337 commonefaceret
860 2287 916 2336 nos
952 2287 1008 2355 per
1038 2288 1075 2337 ea
1098 2270 1147 2337 sui
1172 2270 1328 2356 promissi,
1351 2288 1388 2337 ac
1411 2268 1450 2338 de
1473 2269 1592 2356 qratia,

357 2377 571 2446 misericordia
594 2385 625 2444 ot
657 2383 855 2462 peccatorum
880 2377 1073 2456 remissione,
1106 2377 1201 2444 veluti
1225 2395 1282 2464 per
1305 2377 1505 2454 arrabonem,
1532 2391 1593 2442 nos

356 2485 507 2552 certiores
529 2485 645 2551 laceret
664 2500 700 2550 ac
718 2483 810 2550 fidem
826 2483 943 2551 laceret
958 2503 1016 2552 suo
1032 2485 1178 2552 sermoni.
1196 2484 1324 2564 Verum,
1341 2483 1489 2570 quoniam
1509 2483 1591 2550 haec

356 2590 541 2658 sacramenti
567 2589 647 2657 ratio
671 2596 703 2656 et
726 2588 862 2656 conditio
886 2590 916 2655 in
940 2589 1009 2656 aliis
1032 2591 1172 2676 quinque
1196 2607 1257 2657 non
1294 2589 1463 2675 reperitur,
1488 2607 1507 2654 a
1541 2606 1591 2654 sa-

356 2704 588 2764 cramentorum
607 2713 739 2762 numero
762 2713 799 2762 ea
818 2695 1033 2780 repudiamus,
1051 2703 1200 2782 tauquam
1218 2714 1304 2763 mera
1319 2695 1484 2763 homiuum
1501 2713 1590 2762 com·

356 2811 470 2881 menta,
495 2808 651 2889 quatenus
674 2800 711 2867 ad
736 2801 921 2868 sacramenti
947 2809 1091 2868 naturam
1115 2802 1236 2880 attinet,
1260 2802 1380 2869 utiam
1404 2801 1558 2868 diximus.

877 3007 1064 3098 confutatio.

445 3225 598 3310 Principio
622 3224 755 3290 nominis
779 3223 964 3290 sacramenti
988 3225 1229 3305 distinctionem,
1245 3244 1340 3311 qnam
1360 3226 1410 3293 ltic
1428 3227 1458 3293 in
1479 3228 1586 3294 fronte

355 3333 563 3420 praemittitis,
586 3337 618 3398 et
641 3330 719 3396 nihil
750 3334 819 3396 erat
850 3331 1035 3410 necessaria,
1060 3349 1116 3397 uec
1140 3349 1196 3398 nos
1213 3333 1228 3364 '¹
1254 3332 1478 3417 ignorabamus
1502 3351 1585 3410 eam,

354 3459 411 3508 nec
436 3440 465 3505 in
489 3438 614 3506 diuerso
637 3454 731 3504 seusu
755 3435 891 3519 captiose
907 3436 1069 3502 vobiscum
1094 3437 1195 3503 acturi
1220 3455 1365 3517 eramus;
1384 3445 1487 3504 mmen
1505 3457 1588 3524 quo·

354 3545 437 3614 niam
462 3563 537 3612 sana
560 3550 592 3610 et
615 3559 690 3608 rora
713 3549 770 3618 est,
797 3539 928 3607 libenter
952 3542 1182 3626 amplectimur,
1200 3543 1293 3629 idque
1310 3551 1445 3611 mentem
1464 3545 1584 3632 alioqui

354 3661 490 3720 vestram
515 3651 619 3736 potius
642 3665 737 3733 quam
753 3647 926 3714 orationem
942 3647 1147 3727 attendentes,
1164 3648 1248 3735 quod
1264 3667 1378 3735 parum
1396 3647 1482 3734 (119)
1503 3653 1587 3737 aptis

353 3759 459 3826 verbis
481 3756 575 3824 animi
600 3753 784 3822 sententiam
808 3751 981 3836 explicatis.
1007 3753 1082 3818 Nam
1107 3754 1193 3838 prior
1214 3754 1265 3820 illa
1283 3755 1369 3822 verbi
1387 3757 1586 3842 significatio,

353 3883 416 3950 qua
439 3863 544 3931 omnia
566 3859 680 3928 Christi
704 3876 801 3944 opera
823 3857 963 3942 adeoque
988 3859 1135 3942 mysteria
1158 3860 1288 3944 quaevis
1304 3860 1365 3927 alia
1386 3873 1585 3930 sacramenta

353 3969 412 4036 dici
439 3975 580 4054 possunt,
604 3968 665 4033 lata
687 3973 734 4031 est
757 3970 789 4030 et
811 3961 924 4046 ampla.
951 3962 1029 4028 llaec
1044 3969 1149 4029 autem
1167 3965 1332 4048 posterior,
1356 3967 1467 4051 qua**
1486 3968 1583 4054 vulgo

354 4077 507 4143 hactenus
524 4073 658 4141 Ecclesia
674 4071 725 4103 Μ
742 4077 860 4155 septem
877 4086 945 4135 esse
962 4077 1156 4134 sacramenta
1172 4071 1281 4150 credit,
1299 4073 1468 4158 profitetur
1484 4082 1583 4160 atque

352 4183 453 4261 docet,
485 4199 592 4267 pressa
615 4185 646 4246 et
669 4178 794 4256 stricta;
822 4177 897 4241 liaeo
928 4173 1011 4240 cuim
1043 4175 1193 4258 pauciora
1223 4184 1308 4256 suut,
1333 4179 1385 4247 illa
1410 4199 1487 4249 vero
1511 4183 1586 4268 plu-

354 4291 442 4356 rima.
467 4291 503 4355 tt
527 4285 757 4356 conclusionem
781 4280 891 4349 deinde
916 4299 989 4346 mox
1013 4297 1032 4345 a
1054 4277 1252 4349 distinctione
1268 4285 1453 4367 subiectam,
1470 4305 1585 4376 nempe

415 4449 426 4468 ·
443 4461 475 4494 n:
945 4439 969 4460 ⁶·
986 4451 1064 4497 quam.

414 4527 451 4550 ”⁶
467 4526 596 4574 Ecclesiae.
