3364 5092
493 317 655 395 sucumuus
677 345 884 396 coucunssus.
1256 325 1299 394 83

76 470 256 538 cedentibus
277 470 445 538 axiomatis
468 470 511 538 ita
532 469 710 550 deducitur,
734 469 982 538 luculentissime
1002 471 1094 537 iuxta
1116 487 1153 537 ae
1175 467 1299 536 ualidis-

74 593 176 644 sune:

595 736 775 803 Decimum.

169 897 319 983 Principio
342 897 472 964 unitatis
503 915 563 963 non
594 903 721 964 servant
749 895 928 976 uinculum3
959 895 1051 962 aliter
1081 894 1163 963 enim
1189 894 1300 976 Deum,

75 1003 244 1083 Christum,
268 1003 427 1090 spiritum,
445 1003 644 1088 Euangelium
661 1010 692 1069 et
715 1001 808 1070 iidem
826 1001 1017 1087 praedicant,
1032 1019 1126 1088 quarn
1148 1002 1301 1069 hactenus

76 1109 143 1177 lere
166 1129 183 1176 a
203 1110 289 1177 mille
313 1108 493 1196 quingentis
515 1108 606 1175 annis
621 1107 728 1176 eadem
752 1108 859 1176 docuit
878 1127 942 1175 una
957 1108 1093 1176 Ecclesia
1115 1107 1169 1174 Dei
1193 1107 1301 1175 calbo

75 1216 146 1282 lica.
172 1217 265 1284 Porro
288 1215 443 1283 neminem
460 1233 498 1282 eo
513 1214 631 1282 luroris
646 1232 849 1300 progressum
865 1213 987 1300 opinor,
1005 1220 1040 1282 ut
1055 1213 1192 1300 cogitare
1207 1213 1301 1294 ausit,

76 1321 190 1388 nedum
211 1321 337 1400 ellerre,
372 1321 483 1400 111111,
517 1321 688 1399 Christum,
722 1319 881 1405 spiritum,
909 1318 1241 1406 Euangelium,'lidem
1270 1325 1302 1386 et

76 1427 240 1497 Ecclesiam
265 1428 297 1494 in
321 1427 398 1494 orbe
421 1445 483 1496 non
507 1426 603 1494 luisse
626 1434 698 1494 ante
721 1426 799 1494 haec
823 1433 973 1512 tempora.

579 1584 802 1652 Undecimum.

167 1746 282 1814 Deinde
306 1745 405 1833 (quod
427 1763 622 1832 consequens
644 1747 705 1828 est)
728 1751 761 1812 et
776 1745 907 1812 veritate
922 1745 990 1830 ipsa
1005 1752 1153 1832 unquam
1174 1745 1304 1815 unitatis

78 1853 188 1920 comite
209 1852 351 1921 destituti
375 1859 459 1932 sunt,
484 1859 550 1919 tum
574 1851 657 1938 quod
682 1851 797 1919 ueritas
812 1859 860 1919 est
875 1869 938 1919 una
953 1858 1049 1937 atque
1065 1851 1206 1933 indivisa,
1222 1870 1304 1938 quiue

78 1957 139 2025 luit
162 1961 270 2045 utique
293 1967 366 2026 aute
390 1959 479 2028 istam
504 1958 663 2044 religionis
679 1957 875 2027 novationem
893 1958 928 2024 iu
952 1958 1135 2038 demoliri,
1158 1965 1305 2048 quaeest

83 2065 237 2144 1511111111,
261 2065 420 2132 columne
453 2074 483 2132 et
515 2063 766 2150 firmamentum
789 2065 940 2132 ueritatis
975 2067 1019 2150 (1.
1044 2065 1123 2132 Tim.
1148 2065 1205 2150 3.),
1236 2073 1305 2133 lum

78 2171 164 2256 quod
186 2173 278 2240 istius
301 2179 404 2240 sectae
426 2171 523 2240 duces
545 2179 577 2240 et
599 2171 739 2250 comites,
764 2171 902 2256 magistri
926 2180 958 2238 et
981 2170 1124 2258 discipuli
1141 2171 1250 2239 multis
1273 2171 1304 2239 in

81 2277 176 2346 rebus
198 2285 340 2364 pugnant
370 2278 452 2344 inter
475 2294 543 2346 sese
578 2284 673 2362 atque
703 2276 909 2356 dissentiunt;
941 2283 1008 2344 tum
1040 2277 1186 2364 denique,
1221 2275 1306 2363 quod

79 2383 173 2452 iidem
188 2403 249 2452 non
275 2391 430 2470 perpetuo
451 2382 510 2450 sibl
534 2390 687 2462 constant,
709 2382 841 2450 subinde
865 2391 1015 2451 rorantes
1037 2391 1069 2450 et
1093 2384 1175 2451 ritus
1197 2391 1229 2451 et
1250 2383 1305 2450 do

81 2499 193 2575 gnata,
216 2491 295 2578 quin
320 2490 369 2558 uel
392 2489 568 2558 innumeris
590 2489 746 2575 antilogiis
769 2507 836 2556 sese
853 2489 1023 2557 conficiunt
1037 2497 1133 2575 atque
1152 2491 1306 2577 iugulant,

82 2595 175 2684 idque
196 2615 260 2665 non
284 2596 359 2664 solis
381 2595 489 2664 diuisis
512 2597 543 2663 in
568 2596 656 2664 libris
678 2603 711 2663 et
726 2596 938 2677 concionibus,
963 2615 1073 2664 rerum
1097 2597 1190 2665 etiam
1207 2598 1237 2664 in
1254 2615 1307 2665 eo

82 2703 151 2772 dem
174 2722 267 2790 saepe
291 2703 373 2771 libro
394 2710 426 2771 el
449 2699 517 2789 (tc)
540 2703 698 2782 concione,
723 2702 753 2770 id
776 2702 861 2788 quod
883 2703 972 2772 facile
988 2704 1135 2772 cordatus
1158 2711 1190 2772 et
1210 2705 1307 2773 lector

81 2812 260 2880 clauditur
284 2811 441 2878 observat.
466 2807 558 2896 Quid,
580 2808 665 2897 quod
687 2810 803 2896 alioqui
829 2810 964 2878 Ecclesia
986 2811 1100 2879 Christi
1132 2829 1246 2898 sponsa
1277 2817 1309 2880 et

84 2933 197 3002 corpus
219 2919 251 2984 in
277 2918 354 2986 baec
378 2933 480 3003 usque
505 2923 644 3002 tempora
667 2924 815 2996 errasset,
839 2916 902 2983 imo
926 2917 1057 3003 spiritus
1080 2925 1208 2985 sauctus
1230 2919 1308 3004 ipse,

86 3021 235 3092 Ecclesiae
260 3023 418 3110 magister,
440 3023 506 3090 dux
532 3029 564 3090 et
585 3024 790 3108 gubernator,
806 3028 916 3090 contra
935 3023 1051 3090 Christi
1075 3031 1107 3092 et
1129 3024 1309 3109 promissio

83 3145 153 3196 nem
177 3131 298 3215 (llatth.
326 3131 392 3214 16.)
414 3136 446 3197 11
468 3130 640 3197 orationem
666 3131 752 3212 (Luc.
777 3132 845 3212 EE.)
868 3137 900 3196 et
923 3135 1097 3214 utmmque
1120 3123 1225 3211 simul,
1247 3149 1310 3199 una

86 3252 154 3303 cnm
180 3236 336 3304 Ecclesiae
360 3235 626 3304 commendatione
650 3236 730 3321 patri
756 3236 837 3304 lacta
863 3235 894 3303 in
926 3237 1040 3303 ultimo
1063 3254 1209 3304 sermone
1239 3242 1311 3322 post

83 3357 208 3410 coenam
233 3349 421 3410 extremam.

574 3501 820 3568 buoueomrum.

173 3661 306 3729 Proinde
330 3661 415 3748 quod
431 3661 504 3730 bine
521 3664 664 3748 proxime
680 3663 835 3748 sequitur,
852 3680 909 3729 nec
927 3662 1037 3742 Deum,
1061 3679 1118 3730 nec
1137 3661 1310 3742 Christum,

88 3785 141 3836 uec
164 3767 313 3854 spiritum
339 3767 406 3846 Dei,
422 3785 480 3834 nec
496 3767 707 3854 Euangelium,
724 3785 781 3836 nec
798 3767 901 3848 sidem,
927 3785 984 3835 nee
1001 3767 1166 3836 Ecclesiam
1184 3767 1310 3834 babent.

87 3871 159 3940 Nam
185 3872 380 3940 tantumdem
404 3873 1138 3960 11111111111111111111111,1111111111,
1162 3873 1312 3959 quemad·
1395 3949 1398 3956 ¹

87 3979 212 4048 modum
236 3985 371 4066 oportet,
396 3979 523 4060 babere,
546 3979 693 4066 quoniam
720 3981 779 4047 hoo
803 3979 855 4046 illo
878 3980 1019 4048 deterius
1046 3986 1078 4046 et
1101 3979 1313 4047 execrabilius

87 4087 128 4169 11.
155 4087 218 4154 Pet.
244 4087 300 4168 1.).
324 4087 360 4153 tlt
383 4086 460 4154 istos
483 4085 612 4154 veritate
635 4086 802 4154 destitutos
823 4103 892 4154 esse
914 4085 1117 4154 ostendimus.

535 4247 703 4313 Decimum
723 4247 867 4313 tertium.

175 4407 375 4492 Quapropter
398 4407 442 4489 (id
473 4406 557 4492 quod
587 4405 741 4492 superiori
774 4407 956 4492 proximum
985 4407 1045 4490 est)
1079 4413 1173 4473 extra
1204 4404 1315 4474 salutis

90 4513 169 4580 uiam
193 4513 352 4581 aberrant.
377 4513 449 4581 Sine
472 4513 521 4581 his
545 4513 627 4580 enim
652 4513 729 4581 nulli
753 4511 935 4600 contingere
958 4513 1091 4582 salutern
1119 4511 1150 4580 in
1174 4511 1316 4581 conlesso
