3364 5092
517 345 646 392 rannus
668 343 875 393 couunessus
1268 328 1308 394 95

102 471 208 537 nonina
232 477 326 538 wana
353 469 520 536 Ecclesiam
544 469 650 536 dicere
673 468 764 536 liceat
787 477 936 548 sancmtn,
953 468 1121 537 formosam
1145 477 1176 537 et
1200 469 1310 536 inania-

101 576 225 642 cnlatam.
250 577 326 642 llam
352 575 488 642 Ecclesia
512 576 570 652 (uti
595 574 876 660 significantissime
898 575 1014 658 dicant)
1038 593 1151 643 nornen
1175 576 1311 643 collecti-

100 699 159 748 run
182 690 241 763 ast;
265 689 299 750 at
315 683 473 768 permulta
495 681 534 749 de
558 681 715 749 universis
737 682 858 767 aliquot
881 699 956 749 vere
978 681 1140 761 dicuntur,
1163 699 1245 767 quae
1268 689 1310 747 ta·

98 805 154 855 nen
177 789 206 856 io
230 789 373 875 singulos
389 789 517 855 minime
533 795 721 873 cornpetant.
739 788 816 873 Quis
839 788 921 855 enirn
938 807 1000 856 non
1016 788 1134 856 dixerit
1150 785 1218 870 (58)
1235 787 1310 855 ode

98 895 145 962 len
167 895 299 982 principi
318 911 460 962 suasam
485 894 642 961 ciuitatem
660 911 714 962 seu
733 894 971 979 rernpultlicarn,
995 912 1077 980 quae
1100 901 1254 980 perpetuo
1278 893 1309 960 in

95 1001 151 1068 eins
171 1001 231 1068 lide
255 1018 387 1068 manens
412 1018 572 1086 nunquam
606 1000 646 1067 ab
669 1017 706 1066 eo
737 999 914 1080 desciverit,
929 1043 931 1050 ,
946 1000 1091 1085 urramvis
1122 999 1246 1066 interint
1279 1006 1310 1066 el

94 1108 220 1174 nnnrrlli
245 1108 331 1174 cives
361 1106 402 1174 alt
430 1124 470 1173 eo
501 1124 659 1193 quaquam
683 1104 854 1176 defecerint
876 1114 908 1174 et
931 1106 962 1172 in
988 1107 1071 1193 leges
1101 1106 1142 1173 ab
1172 1123 1209 1172 eo
1233 1105 1310 1173 latas

91 1212 203 1280 diverso
226 1223 370 1300 tempore
394 1213 591 1298 peccaverint
621 1213 719 1280 lernae
754 1219 886 1280 omnes?
916 1212 1027 1279 Eodem
1060 1231 1188 1298 pomae
1219 1218 1310 1297 pacto

91 1319 242 1406 conplura
267 1319 322 1386 toti
347 1319 484 1404 cuipiam
509 1319 648 1405 integrae
671 1337 706 1385 ac
731 1319 886 1404 perlectae
910 1319 954 1386 rei
980 1335 1054 1386 vere
1077 1318 1309 1396 attribuuntur,

90 1443 163 1510 quae
184 1433 288 1493 tamen
313 1443 514 1512 nequaquam
539 1425 711 1511 unicuique
736 1425 814 1511 parti
840 1425 1035 1493 conveniant.
1061 1425 1138 1510 Quis
1161 1424 1244 1492 enirn
1269 1423 1310 1490 ob

90 1530 117 1597 id
138 1533 363 1618 vituperaverit
385 1531 477 1600 aedes
499 1532 615 1618 alioqui
640 1531 913 1617 sumptuosissime
935 1549 972 1598 ac
988 1529 1217 1617 elegantissime
1240 1547 1310 1598 con·

88 1645 226 1718 structas,
249 1638 335 1725 quod
359 1639 481 1725 aliquot
502 1638 638 1706 habeant
662 1645 767 1724 partes
790 1638 895 1704 laedas
910 1646 942 1705 et
966 1637 1143 1705 immundas
1166 1636 1310 1703 habitan·

88 1745 160 1810 tinrn
183 1745 359 1813 necessitati
383 1745 574 1812 destinatasl
597 1745 654 1812 Sed
672 1751 722 1827 lot
746 1745 917 1828 spostolus
941 1743 1144 1811 similitudine
1163 1747 1249 1824 utar)
1273 1743 1309 1808 in
1337 1757 1428 1855 ''¹30¹''
1443 1757 1464 1812 a.

87 1869 206 1938 mapno
228 1851 326 1919 ewino
350 1871 417 1918 non
441 1859 573 1918 tuntum
595 1859 675 1917 sunl
697 1869 781 1916 oasa
806 1869 913 1916 aurea
938 1857 967 1916 et
990 1857 1161 1936 arpeotea,
1192 1867 1308 1914 voram
1410 1843 1416 1856 '

85 1957 181 2024 etiam
204 1959 315 2046 lipnea
338 1977 380 2026 aa
407 1965 559 2037 testacea,
583 1966 613 2024 et
635 1956 707 2024 alio
729 1957 862 2044 quidem
886 1957 922 2022 in
945 1953 1112 2034 donarem,
1137 1955 1209 2023 alia
1231 1973 1308 2021 vero

87 2063 121 2128 in
141 2063 394 2142 mamalum,-
417 2064 460 2130 ita
483 2081 611 2150 quoqoe
634 2063 666 2130 iu
691 2063 826 2130 Ecclesia
842 2065 937 2149 (quae
952 2062 1065 2129 domos
1084 2062 1135 2128 oei
1152 2063 1213 2144 est)
1234 2067 1309 2128 sunt

87 2187 165 2236 vaca
188 2173 262 2238 irae
285 2181 458 2258 apparata
481 2170 517 2236 io
540 2169 710 2236 interitum
735 2177 765 2236 et
786 2187 871 2236 oasa
894 2168 1145 2235 arao-icordiae
1160 2186 1307 2254 praepa·
1332 2183 1428 2282 nomba,
1441 2185 1476 2230 aa.

87 2285 161 2344 rata
183 2277 219 2342 in
241 2275 399 2363 glorium.
1411 2268 1418 2283 '

167 2383 314 2450 Ceterum
339 2382 364 2450 si
389 2399 445 2450 vos
467 2381 625 2453 ollendant
648 2381 723 2448 vitia
746 2380 900 2448 Ecclesiae
923 2386 1060 2459 nostrae,
1083 2380 1235 2447 ostendite
1252 2397 1307 2447 nc·

85 2486 130 2553 liis
152 2495 273 2556 vestrae
298 2488 451 2556 Ecclesiae
475 2489 642 2573 specimen,
666 2506 748 2574 quae
771 2505 832 2553 non
866 2487 979 2554 haheat
1008 2487 1174 2563 maculant,
1206 2503 1308 2572 ireque

84 2610 202 2678 rugam,
227 2601 259 2662 et
282 2595 510 2680 amplectemur
535 2595 629 2662 illam.
647 2596 683 2662 dt
707 2594 782 2661 mihi
808 2611 882 2660 sane
898 2593 1063 2678 aliquoties
1087 2611 1155 2660 eam
1172 2591 1308 2659 circum-

83 2701 219 2784 spicienti
244 2720 306 2769 non
330 2709 505 2769 occurrunt
528 2701 586 2768 nisi
611 2701 785 2780 helluones,
817 2700 991 2780 temulenti,
1022 2717 1188 2785 ganeones,
1219 2698 1308 2766 adul-

84 2807 151 2887 teri,
172 2789 337 2888 aleatores,
360 2807 512 2887 obaerati,
527 2807 719 2886 decoctores,
744 2806 879 2892 prologi,
895 2807 993 2884 iures,
1018 2813 1171 2891 raptores,
1193 2804 1308 2884 sicarii,

85 2911 227 2992 latrones,
250 2919 421 2998 apostatae,
444 2920 476 2980 et
491 2913 574 2980 ornni
597 2913 734 2999 denique
758 2913 913 2980 scelerunt
938 2919 970 2978 et
986 2911 1176 2997 flagitiorum
1193 2927 1309 2996 genere

82 3017 219 3100 internas,
242 3019 298 3105 qui
323 3020 477 3088 hacoeuus
501 3019 530 3086 in
556 3018 712 3105 prolondo
734 3037 867 3086 suorum
892 3018 1060 3085 criminum
1086 3017 1211 3102 sepulti,
1240 3025 1307 3098 turn

81 3141 163 3204 ase,
188 3133 256 3193 tum
279 3127 321 3193 ab
343 3126 413 3194 aliis
442 3125 695 3212 deploratissimi‚
724 3144 808 3192 nunc
839 3125 965 3192 demum
998 3132 1093 3210 caput
1123 3131 1308 3201 erexerunt,

82 3232 241 3301 audientes
264 3233 331 3300 sola
353 3231 414 3300 lide
438 3232 597 3300 horninern
626 3239 658 3300 et
688 3231 851 3298 iustificari
876 3241 907 3299 et
930 3231 1052 3298 salvum
1078 3231 1157 3298 steri.
1189 3229 1248 3314 Qui
1273 3229 1309 3296 lit

81 3355 165 3424 ergo,
187 3347 224 3407 ut
248 3346 311 3406 taut
334 3345 427 3406 acute
449 3339 586 3406 cernatis
609 3337 640 3404 in
666 3337 748 3406 viliis
770 3337 890 3417 alienis,
914 3337 968 3423 qui
994 3344 1156 3422 tantopere
1192 3335 1332 3422 lippitis·

82 3443 110 3510 in
133 3445 293 3531 propriis?
316 3444 396 3530 Quid
420 3443 460 3511 ad
491 3444 664 3531 quemlibet
689 3451 829 3512 restrum
861 3443 961 3510 dicant
986 3442 1071 3510 aliud
1102 3460 1197 3529 quarn
1230 3441 1308 3510 illud

81 3551 250 3636 senatoris
272 3551 389 3618 nostri:
415 3550 486 3618 Cur
508 3549 673 3638 festucam
696 3551 798 3629 vides,
822 3558 977 3639 quaeest
1008 3551 1043 3616 in
1066 3550 1160 3617 oculo
1182 3547 1308 3634 [ratris
1343 3565 1419 3612 usta.
1433 3565 1454 3620 a.

81 3657 138 3735 toi,
163 3657 290 3724 cratem
322 3665 447 3738 auem,
478 3677 564 3745 puae
595 3667 641 3724 est
665 3657 699 3723 in
732 3656 825 3723 oculo
857 3666 925 3736 tiro,
948 3676 1013 3723 oon
1039 3653 1307 3723 anirtrodoertis?
1380 3619 1424 3664 Μ’

83 3767 147 3830 Aut
169 3765 333 3853 qumodo
356 3763 441 3832 dicis
463 3763 574 3850 fl'lill'l'
596 3773 671 3830 too:
696 3765 778 3843 sine,
801 3765 947 3830 caiolum
963 3753 1131 3851 ¹[castancam
1157 3781 1196 3828 ea
1212 3759 1307 3828 oculo

81 3875 145 3951 teta,
169 3879 198 3936 et
220 3889 292 3938 ecce
314 3869 407 3936 trade
431 3871 467 3937 in
491 3869 584 3937 oculo
616 3870 696 3938 too?
721 3871 916 3958 llppocoita,
948 3870 1026 3936 elice
1047 3869 1148 3954 prius
1179 3866 1306 3934 tradem

80 3993 116 4042 ec
138 3977 233 4045 oculo
257 3985 325 4056 tuo,
349 3985 377 4043 et
401 3987 473 4044 tam
501 3978 693 4064 perspicies,
723 3987 760 4043 ut
790 3979 919 4043 exilitas
949 3975 1112 4062 festucam
1144 3995 1184 4040 ec
1213 3973 1306 4040 acillo

80 4081 202 4166 [ratiis
225 4085 285 4150 tui.
310 4083 387 4169 Quis
408 4090 467 4162 est,
490 4084 544 4169 qui
570 4103 630 4150 non
656 4085 789 4170 priscani
806 4084 890 4150 illarn
909 4084 956 4150 vel
982 4083 1137 4149 nascentis
1162 4081 1209 4148 vel
1233 4080 1306 4146 ado-

82 4187 221 4258 lcsreotis
246 4190 404 4277 religionis
427 4191 621 4258 Christianae
645 4199 789 4270 aculens,
815 4209 918 4257 rasores
940 4197 972 4256 et
995 4189 1229 4256 sanctimonium
1253 4187 1306 4254 de-

80 4295 217 4366 siderati
239 4299 313 4383 quis
335 4307 445 4364 contra
478 4299 631 4364 honorant
656 4297 686 4364 in
719 4305 863 4364 extrema
896 4297 972 4364 lraoo
1003 4304 1145 4380 tempora
1173 4301 1306 4361 aelatern

81 4421 165 4470 suani
190 4403 335 4472 incidisse
359 4423 420 4471 non
445 4401 513 4488 (59)
538 4405 756 4471 veliementins
778 4403 883 4470 dolet?
907 4411 939 4470 ct
963 4403 1119 4470 interdum
1141 4401 1235 4468 etiarn
1260 4399 1306 4466 in-

80 4511 239 4594 gentiscit‘.t
264 4510 380 4579 l'erunr
405 4511 490 4579 illios
505 4529 630 4596 seraper
646 4510 765 4578 interea
782 4509 950 4578 neminisse
965 4517 1106 4595 oportet:
1124 4509 1227 4586 Feras,
1244 4527 1305 4575 non
