3364 5092
323 676 609 781 TERTIUS
643 675 1079 781 OONGRESSUS.

541 951 861 967 mm

169 1729 213 1796 t't
236 1738 439 1798 revertamur
463 1747 548 1798 nunc
570 1730 609 1797 ad
633 1747 688 1796 vos
712 1728 899 1815 (Evangelici
917 1728 1034 1796 scilicet
1056 1728 1315 1809 concionatores),

84 1833 174 1902 iuxta
197 1837 343 1905 ordinem
368 1836 457 1904 nohis
480 1837 520 1904 ab
543 1835 675 1904 exordio
697 1836 876 1922 praefixum
894 1835 1112 1920 responsiones
1137 1841 1256 1902 rostras
1276 1834 1315 1901 ad

84 1941 237 2010 articulos
261 1961 318 2028 per
334 1961 392 2010 nos
404 1942 493 2010 robis
507 1942 646 2010 obiectos
662 1960 757 2027 quam
775 1941 971 2010 strictissime
986 1940 1189 2019 conlutaturi,
1205 1946 1316 2024 utpote

86 2063 144 2114 non
169 2055 236 2115 tam
261 2047 434 2116 astructnri
467 2055 584 2126 nostra,
615 2065 711 2132 quam
742 2052 849 2114 restra
870 2045 1075 2124 destructuri,
1099 2045 1123 2112 si
1149 2063 1212 2131 qua
1235 2034 1316 2112 torte

86 2170 243 2240 responsu
265 2153 407 2240 dignuin
424 2153 733 2235 mediumalleratis;
751 2153 780 2220 id
805 2152 899 2220 simul
919 2160 1014 2239 atque
1038 2169 1187 2238 responsa
1211 2157 1316 2220 restra

87 2277 140 2343 per
164 2267 389 2330 transcursum
413 2280 432 2330 a
455 2261 546 2330 nobis
576 2261 656 2330 lecta
679 2260 792 2341 lorent,
824 2259 1114 2337 animadvertimus,
1138 2257 1233 2345 quod,
1257 2257 1314 2325 etsi

87 2383 143 2450 pro
167 2377 276 2437 restro
298 2387 388 2437 more
411 2375 564 2456 perpetuo
587 2372 666 2455 (quo
687 2367 772 2436 aliud
805 2367 930 2453 publice
958 2366 1058 2433 facitis
1073 2365 1163 2433 'luter
1194 2371 1316 2432 vestros

88 2489 143 2557 pro
166 2475 319 2542 concione
341 2474 582 2555 deblaterantes
597 2474 681 2542 aliud
706 2474 853 2559 privatim
876 2473 979 2541 dicitis
993 2472 1078 2560 apud
1102 2471 1261 2558 praesides
1283 2471 1314 2538 in

88 2577 240 2650 indicium
265 2581 367 2661 tracti,
400 2582 459 2650 hoo
491 2589 549 2660 est,
581 2586 618 2649 nt
648 2581 739 2666 plane
768 2581 880 2659 dicam,
912 2597 1037 2666 semper
1069 2578 1254 2658 mentimini,
1285 2587 1317 2646 et

88 2691 237 2774 tanquam
262 2687 361 2774 patris
383 2688 618 2756 mendaciorum
636 2687 702 2767 lilii,
721 2687 851 2755 veritate
866 2687 1018 2765 destituti,
1036 2685 1206 2754 mendaciis
1226 2685 1317 2770 agitis

89 2793 205 2876 omnia)
229 2799 354 2862 restrae
377 2794 596 2881 responsiones
628 2795 704 2863 istae
727 2795 828 2862 multo
858 2801 932 2862 sunt
957 2793 1191 2871 moderatiores,
1221 2809 1316 2878 quam

89 2900 288 2982 quotidianae
312 2907 435 2968 restrae
457 2900 495 2968 ad
513 2901 636 2987 plebem
653 2901 819 2968 conciones
835 2939 878 2949 -
894 2900 923 2966 id
948 2900 1034 2985 quod
1057 2899 1201 2968 scandala
1217 2905 1249 2966 et
1271 2897 1316 2965 ol-

90 3001 247 3074 lendirula
270 3007 341 3074 inde
365 3014 474 3075 secuta
496 3007 585 3075 lacile
607 3007 777 3075 ostendunt
794 3044 847 3086 -,
865 3015 966 3074 tamen
991 3005 1196 3072 nihilominus
1211 3005 1316 3072 istius-

90 3111 169 3178 modi
188 3120 276 3193 sunt,
302 3122 337 3180 nt
358 3113 398 3180 ad
423 3131 478 3181 vos
493 3113 531 3182 de
556 3114 677 3182 haeresi
694 3113 923 3181 convincendos
939 3112 1000 3179 sub
1016 3113 1098 3180 iusto
1115 3111 1217 3179 indico
1239 3112 1316 3178 nihil

90 3227 253 3300 praeterea
274 3220 444 3288 desiderari
469 3228 573 3306 queat.
598 3222 705 3306 Neque
730 3221 855 3288 mirum.
880 3220 968 3287 Sicut
989 3219 1071 3287 enim
1097 3219 1135 3298 is,
1155 3219 1209 3305 qui
1235 3219 1316 3285 riam

90 3319 260 3408 ingressos,
284 3326 309 3393 si
335 3345 410 3393 mox
435 3326 466 3393 in
498 3327 652 3413 principio
675 3328 825 3394 aberrare
855 3325 1004 3412 cooperit,
1028 3344 1091 3412 qno
1115 3325 1213 3412 magis
1245 3343 1316 3410 pro-

90 3431 242 3512 greditur,
267 3433 326 3500 lroc
349 3450 368 3499 a
389 3432 544 3501 destinato
568 3434 689 3502 itineris
712 3431 760 3500 sui
786 3452 880 3520 scopo
903 3433 1030 3500 aberrat
1056 3433 1188 3517 longius,
1220 3431 1262 3498 ita
1278 3431 1317 3498 'et

91 3549 143 3602 ros
165 3539 199 3606 in
224 3539 328 3624 primo
349 3539 454 3606 statim
485 3540 620 3607 articulo
644 3536 715 3626 (51)
742 3540 781 3607 de
806 3539 950 3618 Ecclesia,
974 3557 1056 3625 quae
1088 3546 1236 3623 tanquam
1263 3547 1467 3646 cod-123³.

91 3638 257 3712 temneat
278 3643 530 3731 firmamentum
553 3647 703 3714 veritatis
726 3647 823 3714 totius
846 3646 916 3714 fidei
942 3654 974 3713 et
1001 3645 1160 3730 religionis
1191 3652 1316 3712 nostrae

91 3742 171 3818 basis
193 3759 242 3820 est
265 3759 361 3838 atquc
385 3751 585 3838 principium,
609 3770 704 3837 quam
738 3752 919 3837 turpissime
951 3751 1189 3830 hallucinantes,
1213 3749 1244 3817 io
1269 3768 1316 3817 so-

90 3856 259 3937 quentlbus
281 3857 355 3924 item
379 3857 522 3925 articulis
546 3864 610 3925 tota
633 3860 683 3942 (ut
705 3859 807 3942 aiunt)
832 3857 881 3924 via
904 3857 1059 3924 aberretis
1081 3863 1215 3942 oportet.
1240 3857 1315 3922 Nam

91 3965 125 4026 ut
137 3961 311 4031 auctoritas
335 3963 489 4031 Ecclesiae
504 3962 639 4031 fideliter
654 3964 773 4032 credita
796 3963 880 4031 basis
895 3971 991 4049 atque
1014 3962 1253 4030 fundamentum
1270 3970 1319 4030 est

91 4067 254 4137 universae
277 4069 401 4154 pictatis
424 4075 548 4138 nostrae
564 4075 596 4138 et
618 4069 688 4137 lons
702 4070 843 4137 omnium
868 4069 937 4136 srdei
956 4077 1081 4137 nostrae
1097 4068 1317 4147 articulorum,

92 4169 132 4238 sic
154 4191 197 4242 ex
221 4173 355 4242 adverso
379 4174 486 4261 lapsus
517 4183 549 4242 et
578 4193 671 4243 error
701 4175 786 4243 circa
819 4175 985 4242 Ecclesiam
1008 4177 1098 4261 origo
1121 4186 1152 4243 et
1182 4191 1318 4242 oceanus

94 4278 215 4360 qnidam
239 4288 288 4348 cst
309 4298 458 4348 errorum
483 4281 726 4368 haeresiumque
750 4282 901 4349 omnium.
926 4281 996 4358 Sed,
1021 4288 1066 4358 ut,
1098 4281 1181 4366 quod
1205 4279 1318 4346 asseri-

93 4399 169 4466 mus,
192 4386 397 4473 perspicuum
420 4387 542 4468 eradat,
565 4389 658 4474 agite,
682 4388 806 4473 primus
828 4388 983 4454 articulus
1015 4386 1054 4453 de
1089 4385 1220 4453 Ecclesia
1246 4404 1318 4472 pro

96 4499 226 4572 ponatur
249 4493 280 4560 iu
305 4493 455 4561 medium.
