3364 5092
344 221 387 289 70
659 238 855 290 consorano
877 239 1112 290 turnacensem
1133 241 1252 290 uanior.

285 429 319 475 39.
342 369 435 443 esset,
458 360 526 446 (37)
550 363 670 432 servire
694 363 802 431 votuit.
827 363 916 443 illud,
943 365 1065 451 opinor,
1089 375 1148 444 est,
1178 365 1263 452 qnod
1286 364 1401 432 alicubi
1433 364 1473 432 ad
1498 381 1583 431 suos

240 483 251 526 ¹
284 483 319 528 ac
342 468 488 536 dominus
511 475 618 536 noster
641 469 711 536 aitt·
727 470 795 553 Qui
816 489 883 537 con
905 478 952 537 cat
973 471 1154 538 eduorum
1176 491 1248 550 aue,
1268 489 1334 558 pro
1358 470 1452 538 uobis
1477 479 1535 537 est.

430 576 576 643 Ceterum
601 576 724 662 rogabit
745 594 796 644 me
822 577 895 664 quis
916 577 1033 646 iterum
1058 577 1202 656 tortasse,
1225 597 1290 665 qno
1313 578 1436 646 undem
1469 577 1580 644 iudice

341 681 572 768 dignoscamus,
595 682 708 768 ecquid
732 700 842 750 verum
863 683 905 750 sit
919 683 1059 770 adeoquo
1081 683 1230 770 aspicito
1246 691 1355 752 sancto
1371 683 1581 769 proiectum?

342 787 483 856 Dicimus
505 785 599 857 istius
628 771 807 876 supremum
837 787 934 879 atque
964 787 1174 860 mrbsdmum
1200 787 1354 860 iudicium
1383 807 1448 859 ease
1478 805 1580 878 penes

342 910 440 964 unam
462 891 620 984 mlamque
642 891 812 964 Ecclesiam
834 893 890 964 liei
912 893 1111 966 catholicam.
1128 898 1203 964 Nam
1227 897 1318 964 sicuti
1344 896 1452 964 nullus
1466 893 1580 962 tomi-

174 1013 426 1066 cecesiacum
449 1003 499 1082 (ut
521 1000 702 1087 Apostolicis
725 1008 798 1068 utar
821 1001 939 1084 verbis)
954 1003 1046 1069 nouit
1068 1021 1109 1069 eo
1130 1021 1216 1091 poue
1230 1011 1310 1069 sont
1332 1000 1488 1080 bominis,
1503 1001 1583 1067 naci

342 1106 484 1192 spiritus
507 1105 663 1184 dominic,
686 1107 747 1195 poi
767 1117 815 1175 est
838 1107 875 1173 iu
895 1127 951 1185 eo,·
973 1108 1023 1174 sic
1045 1117 1075 1174 et
1097 1127 1148 1187 eo,
1172 1127 1258 1197 quac
1279 1117 1360 1175 eunt
1385 1107 1454 1185 Dei,
1476 1125 1578 1173 immo

342 1213 444 1291 mouit,
468 1213 537 1280 cisi
556 1213 700 1299 spirituc
726 1213 793 1280 Dei.
817 1214 854 1280 itt
879 1213 1013 1282 Ecclesia
1036 1221 1184 1301 anquam
1216 1233 1333 1300 corpus
1364 1214 1480 1282 Christi
1505 1231 1578 1297 my-

342 1319 456 1387 sticum
480 1319 550 1387 eicis
572 1337 700 1405 qnoque
723 1320 836 1405 spiritu
862 1327 1014 1406 perpetuo
1030 1327 1204 1406 vegetatur,
1229 1327 1387 1396 movetur,
1405 1318 1526 1405 regitur
1541 1326 1580 1384 et

343 1425 500 1504 cruditur,
528 1433 560 1504 et
590 1425 722 1511 spiritus
744 1425 810 1506 Dei,
833 1442 905 1493 cum
934 1426 1003 1493 aliis
1026 1445 1082 1511 per
1105 1427 1256 1512 occasdam
1287 1426 1377 1512 quasi
1404 1431 1509 1510 partes
1538 1441 1579 1490 se

213 1555 215 1560 ’
343 1532 563 1610 communicat,
589 1531 740 1599 Ecclesiae
762 1549 796 1598 se
827 1539 927 1598 lotium
954 1531 1075 1598 inludit.
1104 1532 1267 1617 Quocirca,
1291 1533 1343 1610 sit,
1374 1549 1413 1599 an
1438 1549 1501 1597 non
1532 1529 1577 1596 sit

344 1637 504 1724 quippiam
522 1637 670 1722 aspicito
687 1638 741 1704 Dei
760 1638 933 1723 proiectum
949 1655 986 1704 ac
1001 1637 1098 1704 solida
1112 1637 1242 1705 veritate
1258 1637 1443 1716 subnixum,
1456 1636 1578 1722 optime

175 1759 329 1813 armam
345 1742 463 1811 iudicat
488 1743 632 1810 Ecclesia
659 1744 718 1810 Dei
739 1745 887 1822 uiuentis,
912 1747 1004 1828 (teste
1026 1745 1185 1828 apostolo)
1207 1743 1363 1812 colomna
1386 1751 1415 1809 et
1445 1740 1578 1808 stabili·

345 1858 490 1916 mcutcm
515 1849 912 1935 pertimesceremque
937 1851 967 1917 in
992 1849 1149 1917 rebusad
1174 1851 1342 1918 humanam
1359 1849 1494 1917 minum
1520 1865 1578 1914 nc-

345 1956 489 2024 cessariis
513 1955 627 2024 iudicio
650 1973 708 2022 suo
731 1957 772 2023 ob
795 1957 898 2042 iugem
923 1957 1054 2042 spiritus
1077 1958 1174 2024 sancti
1199 1956 1406 2042 praesentiam
1431 1955 1496 2022 falli
1520 1971 1576 2021 nc-

345 2070 450 2148 queat.
475 2063 550 2129 ilinc
577 2063 723 2130 dominns
757 2072 863 2130 noster
894 2063 978 2131 lesus
1005 2063 1150 2130 Christus
1181 2062 1347 2130 Ecclesiam
1379 2063 1578 2128 constituens

194 2184 270 2282 ¹¹²²&
286 2186 320 2239 cs,
347 2186 534 2254 supremum
558 2169 640 2235 inter
662 2186 737 2236 suos
761 2169 909 2248 tribunal,
934 2169 1017 2236 cande
1036 2169 1193 2254 appellare
1212 2187 1274 2235 non
1298 2169 1406 2236 liceat:
1425 2168 1522 2252 Quod
1543 2167 1578 2231 ei

269 2270 275 2282 '
348 2275 431 2360 quis,
455 2275 566 2361 inquit,
592 2275 772 2341 Ecclesium
802 2295 869 2341 nora
899 2275 1057 2353 audierit,
1089 2275 1134 2341 cit
1156 2274 1216 2342 tibi
1244 2274 1331 2341 velut
1354 2271 1517 2340 Ethaicus
1546 2281 1576 2338 et

343 2379 556 2468 publicanus.
583 2382 628 2447 Ex
652 2399 716 2468 quo
738 2381 884 2460 efficitur,
908 2389 944 2448 ut
966 2380 1111 2468 quisquis
1145 2399 1207 2448 non
1238 2380 1374 2448 admittit
1400 2379 1574 2466 quicquam

347 2487 387 2554 ab
411 2487 545 2554 Ecclesia
569 2494 730 2574 receptum
754 2496 786 2554 et
816 2487 1036 2573 approbatum,
1059 2487 1153 2573 idque
1176 2505 1214 2554 eo
1237 2493 1338 2572 pacto,
1367 2503 1431 2572 ouo
1463 2485 1577 2570 recipit

347 2592 564 2678 approbetoue
586 2593 662 2660 illud
688 2593 832 2673 Ecclesia,
857 2593 975 2660 Etbnici
1000 2600 1032 2660 et
1055 2592 1210 2678 publicani
1240 2593 1309 2660 loco
1332 2591 1498 2659 habendus
1526 2591 1576 2659 sit.

347 2699 445 2765 Porro
469 2698 602 2766 Ecclesia
619 2699 672 2765 Dei
691 2699 849 2783 praedicta
865 2699 975 2783 recipit
990 2698 1207 2784 approbatque
1222 2699 1340 2776 omnia,
1356 2698 1405 2764 vel
1421 2715 1576 2782 expresse

347 2805 447 2872 literis
469 2804 570 2883 oditis,
603 2805 651 2872 vel
675 2805 778 2882 tacite,
809 2824 870 2873 usis
894 2823 930 2872 ac
952 2805 1188 2884 observatione;
1212 2806 1271 2872 hac
1303 2805 1370 2890 lege
1399 2812 1516 2884 tamen,
1541 2812 1577 2871 ut

347 2911 407 2978 hoc
431 2910 503 2996 plus
527 2911 672 2978 minusve
693 2912 889 2978 auctoritatis
912 2909 1084 2996 unicuique
1115 2911 1244 2990 tribuat,
1268 2929 1332 2997 prro
1363 2917 1418 2978 aaut
1453 2912 1578 2997 longius

347 3026 401 3084 aut
426 3017 575 3102 proprius
597 3036 615 3083 a
638 3017 723 3085 ionte
739 3018 840 3084 omnis
857 3019 922 3084 veri
940 3017 1087 3103 bonique,
1104 3017 1217 3102 spiritu
1234 3025 1352 3096 sancto,
1375 3017 1576 3102 processerit.

347 3125 422 3191 Nam
447 3141 553 3191 sacrm
577 3124 745 3209 ultriusque
768 3125 942 3191 tastamenti
968 3123 1064 3191 libros
1095 3125 1138 3190 ita
1161 3123 1279 3208 recepit
1312 3122 1576 3209 approbantque,

347 3231 393 3298 uti
410 3230 517 3298 credat
540 3231 655 3296 horum
681 3231 861 3317 scriptores,
885 3248 946 3297 non
971 3231 1135 3297 universos
1159 3229 1261 3308 modo,
1293 3229 1347 3298 sed
1371 3247 1410 3297 ne
1434 3229 1577 3316 singulos

347 3336 487 3422 quidem,
511 3353 572 3402 non
597 3335 628 3402 in
652 3353 777 3403 summa
800 3343 921 3402 mutiam
946 3335 1097 3413 ueritatis,
1121 3335 1175 3403 sed
1199 3336 1229 3402 in
1255 3336 1342 3402 nulio
1366 3336 1468 3420 plane,
1490 3335 1575 3421 quod

347 3443 439 3509 modo
463 3443 513 3508 his
536 3443 566 3508 in
592 3442 679 3509 libris
702 3443 837 3528 receptis
860 3441 1025 3521 habeatur,
1057 3442 1264 3509 hallucinatos
1294 3459 1372 3509 esse.
1397 3442 1522 3526 Quibus
1545 3449 1576 3508 ct

347 3549 565 3634 apostolorum
597 3548 790 3628 traditiones,
822 3557 853 3615 et
881 3549 1086 3617 revelationes
1117 3558 1297 3616 sanctornm
1329 3549 1576 3634 quorumlibet¹

348 3663 489 3740 receptas
511 3654 721 3722 adnumerare
745 3655 857 3722 licebit.
882 3655 1090 3721 conciliorum
1116 3672 1191 3720 vero
1221 3662 1252 3720 et
1285 3653 1468 3720 Pontificum
1501 3671 1577 3721 con-

347 3761 526 3828 stitutiones
548 3767 643 3846 atquc
666 3761 792 3828 decreta
814 3761 858 3828 sic
882 3761 992 3846 recipit
1015 3769 1046 3827 et
1069 3760 1231 3846 approbat,
1256 3768 1292 3827 ut
1309 3760 1422 3826 boreum
1447 3777 1576 3846 quoque

346 3875 492 3934 auctores
511 3867 629 3946 credat,
645 3867 768 3953 quoties
785 3885 860 3935 suae
877 3867 1038 3952 potestatis
1053 3865 1156 3934 officio
1173 3865 1394 3952 iungerentur,
1410 3884 1576 3952 nunquam

419 4151 430 4184 ²
447 4153 563 4207 Assertio
582 4153 655 4215 haec,
677 4159 805 4219 quantum
823 4151 861 4206 od
883 4150 1057 4206 recchilanis
1079 4154 1237 4206 eoncwrum
1257 4149 1438 4220 quorumtibet
1455 4155 1577 4221 receptor

347 4243 446 4305 attinet,
465 4239 683 4309 exaggerasse
702 4240 822 4294 dicenda.
846 4238 1025 4306 approbando
1050 4241 1113 4294 tales
1137 4240 1311 4294 revelationes
1340 4238 1453 4292 Ecclesia
1479 4253 1578 4306 nempe

346 4343 403 4385 acc
421 4330 508 4394 edicit,
525 4328 554 4384 in
572 4327 651 4383 uultu
669 4342 700 4382 rc
717 4332 780 4382 istos
798 4337 901 4382 sanctos
924 4343 983 4382 esso
1004 4330 1182 4395 hallucinatoe,
1202 4328 1248 4381 sed
1272 4327 1440 4382 solummodo
1459 4334 1577 4394 testatur,

346 4416 416 4473 nibil
432 4417 495 4490 fidei
512 4417 679 4472 orthodocoe
697 4417 868 4474 contrarium
887 4418 913 4469 iu
931 4431 1024 4471 eorum
1041 4415 1245 4470 revelationibus
1266 4417 1403 4472 contineri.
