3390 5096
508 321 637 369 rennos
660 321 867 370 cononessus.
1238 305 1302 369 207

165 447 311 514 Ceterum
336 442 427 526 (178)
450 443 536 531 qood
559 445 723 523 subiicitis‚
740 452 884 511 nostrum
905 462 984 522 esse,
1001 451 1037 511 ut
1051 445 1199 530 exempto
1214 445 1305 511 Chri-

81 553 115 618 sti
140 554 171 619 in
193 571 289 620 cruce
312 552 419 631 oblati,
442 570 500 619 nos
522 571 650 638 quoque
674 559 848 619 mactemus
872 553 902 618 in
928 552 1091 637 spirituale
1114 552 1303 618 sacrificium

80 659 228 726 desideria
251 659 357 725 earnis
390 666 422 724 et
453 658 569 725 veteris
603 658 738 725 hominis
772 676 886 744 pravas
909 658 1188 743 concupiscentias,
1212 658 1304 724 iuxta

81 764 248 832 doctrinam
273 764 479 849 hpostoiicam
504 763 534 829 in
567 764 653 830 Rom.
681 766 743 841 ib„
768 781 826 831 neo
856 763 1038 849 ignoramus
1068 762 1123 828 Dei
1154 762 1304 829 heneheio
1324 779 1473 836 tamtan

81 889 134 938 nec
157 855 336 938 inficiamur
352 879 384 936 et
399 869 426 949 *,
442 878 475 936 ut
492 888 575 955 quae
590 877 780 955 sequuntur,
797 875 945 956 tanquam
969 887 1045 936 vera
1069 868 1214 935 lubenter·
1237 886 1304 934 am·

81 976 254 1061 plectimur.
271 977 307 1044 ht
325 976 407 1044 istud
432 985 479 1044 est
503 976 720 1043 tantummodo
735 976 925 1042 sacrificium
941 975 1115 1060 spirituale,
1132 973 1304 1054 internum,

81 1084 230 1151 iurisihite
251 1102 289 1152 ac
313 1083 525 1169 metaphorice
554 1082 685 1161 dictum,
709 1089 835 1167 praeter
865 1081 949 1168 quod
973 1081 1057 1148 aliud
1089 1097 1158 1148 esse
1180 1087 1305 1165 oportet

80 1191 248 1273 corporale,
271 1197 453 1268 externum,
478 1188 599 1255 visibile
621 1205 658 1254 ac
682 1187 809 1273 proprie
831 1187 963 1266 dictum,
987 1186 1162 1254 cuiusmodi
1179 1194 1304 1272 praeter

81 1295 202 1362 missam
226 1294 311 1361 ahud
337 1295 368 1360 in
393 1313 474 1362 novo
499 1301 684 1364 testamento
706 1293 859 1378 assignari
895 1293 1015 1378 nequit,
1039 1291 1303 1378 quemadmodum

81 1401 138 1468 suh
159 1401 293 1468 articulo
317 1401 403 1466 ΧΙΙΙ1
429 1401 469 1468 de
491 1399 666 1467 sacerdotio
696 1400 1044 1500 demonstravimuset
1075 1417 1150 1465 mox
1174 1398 1235 1465 soh
1257 1415 1304 1464 ar·

82 1507 173 1574 ticoio
195 1508 339 1594 sequenti
363 1506 403 1574 de
426 1507 581 1574 sacrificio
604 1504 709 1574 itidem
734 1506 936 1573 ostendemus
947 1507 970 1570 ².
995 1505 1070 1572 Nam
1094 1504 1304 1572 sacerdotium

82 1620 172 1699 atque
194 1614 385 1682 sacrificium
408 1631 553 1680 connexa
584 1620 659 1680 sunt
689 1619 721 1680 et
753 1619 864 1679 mutuo
887 1612 945 1678 sihi
978 1610 1177 1696 respondent,
1201 1627 1305 1696 neque

83 1721 217 1788 valetud
245 1722 304 1788 hoc
327 1719 411 1806 quod
443 1719 614 1786 asserimus
647 1717 894 1786 labefactandum
928 1718 1022 1796 istud,
1045 1717 1128 1802 quod
1158 1716 1190 1783 in
1221 1717 1305 1784 calce

82 1825 225 1893 adiicitis:
256 1853 272 1884 ι
289 1826 455 1904 Nimirum,
478 1826 535 1892 etsi
560 1827 619 1892 hoc
642 1824 806 1909 spirituale
829 1823 1029 1903 sacrificium,
1045 1823 1130 1910 quod
1154 1823 1307 1891 incarnis

84 1933 318 1999 mortificatione
341 1931 494 2011 consistit,
518 1949 579 1997 non
604 1937 652 1998 est
674 1930 803 1998 obvium
827 1930 937 2007 oculis,
961 1929 1088 2015 quando
1110 1930 1254 2008 offertur,
1271 1929 1306 1995 iit

85 2045 181 2105 tamen
204 2040 259 2107 uhi
285 2039 346 2106 iam
370 2039 511 2104 ohiatum
535 2039 593 2116 sit;
617 2054 682 2123 quo
705 2037 804 2122 magis
826 2035 909 2103 enim
934 2044 1025 2102 retus
1042 2036 1136 2102 homo
1151 2033 1305 2102 emoritur

85 2143 112 2208 in
135 2145 233 2223 nobis,
259 2151 345 2211 tauto
368 2145 468 2229 magis
490 2144 690 2228 cognoscitur
715 2143 745 2210 in
770 2143 860 2209 nohis
883 2142 989 2208 rivere
1023 2141 1168 2208 Christus
1183 2168 1214 2205 ».
1239 2141 1304 2206 Non
1376 2125 1380 2132 ’

86 2250 172 2331 raiet,
196 2252 344 2336 inquam;
368 2251 425 2318 etsi
451 2267 586 2336 namque
610 2248 694 2316 istud
719 2249 830 2334 prohat
853 2247 980 2334 quidem
1006 2245 1185 2314 huiusmodi
1208 2246 1306 2313 sacri-

86 2355 184 2423 ficium
210 2359 241 2423 in
264 2357 377 2424 effectu
401 2373 460 2424 suo
483 2373 551 2422 esse
575 2355 707 2434 visihiie,
732 2354 816 2422 haud
841 2361 942 2420 tamen
967 2356 998 2420 in
1015 2371 1048 2419 se
1065 2353 1141 2437 ipso.
1158 2352 1305 2419 Ceterum

90 2467 157 2528 utut
177 2463 227 2542 sit,
252 2461 329 2529 iiiud
353 2468 485 2540 constat,
510 2479 571 2527 non
595 2479 664 2528 esse
686 2459 875 2527 sacrificium
902 2458 1027 2544 proprie
1050 2457 1181 2524 dietum.

474 2672 678 2740 nuttchtt's
703 2670 907 2738 vtttustht’s

170 2887 267 2973 igitur
290 2886 469 2954 sacerdotes
492 2859 666 2952 secundum
692 2883 843 2950 Ecclesiae
868 2883 1023 2948 Romanae
1046 2881 1305 2948 consuetudinem

89 2994 294 3061 sacrificantes
317 2993 420 3060 iacere
442 3010 523 3077 opus
539 2991 750 3069 maledictum,
775 3006 904 3074 peccare
928 2989 1112 3066 mortaliter,
1135 3005 1306 3072 provocare

88 3097 161 3165 iram
186 3101 240 3168 Dei
265 3108 298 3166 et
321 3117 450 3167 rursum
475 3099 635 3164 Christum
659 3096 854 3182 crucifigere.

143 3233 338 3281 ‘eamdem

87 3440 192 3494 uerbum
212 3443 299 3494 tacere
318 3439 388 3492 idem
406 3437 555 3504 significare
574 3436 643 3499 dico,
661 3435 734 3503 quod
753 3433 860 3504 offerre,
881 3435 922 3486 rei
943 3445 1111 3498 consecrare,
1134 3443 1220 3498 eoque
1246 3445 1308 3486 cum

86 3525 210 3583 Christum
230 3536 286 3583 tum
307 3529 415 3580 Paulum
435 3539 523 3580 usum.
542 3527 605 3579 Nam
631 3525 665 3577 ad
690 3537 751 3576 eum
778 3523 887 3575 modum
916 3535 1000 3588 eaque
1029 3521 1055 3574 in
1083 3519 1255 3585 sigrrittcantta
1283 3527 1310 3572 et

87 3616 110 3668 in
128 3619 227 3683 psatmo
246 3618 312 3682 (65.)
332 3615 474 3680 accipitur:
494 3615 605 3670 Furium
625 3613 672 3667 tibi
689 3612 767 3666 bocca
791 3625 854 3666 cum
879 3610 970 3664 hri-ch.
997 3611 1038 3664 Sic
1064 3617 1089 3662 et
1114 3611 1139 3661 in
1165 3609 1249 3660 erca:
1275 3609 1310 3663 b't

87 3705 200 3770 {nument
215 3720 270 3776 pro
288 3719 319 3759 eo
338 3703 417 3758 iusto
436 3703 502 3772 tegre
520 3701 756 3757 cousuetudinem:
777 3704 862 3753 tacere
881 3702 930 3752 hoc
949 3702 1006 3751 ioco
1027 3699 1095 3751 idem
1116 3707 1163 3760 est,
1182 3697 1254 3764 quod
1273 3701 1309 3749 ot·

89 3795 158 3858 terre,
176 3795 193 3846 i.
212 3811 236 3850 e.
260 3804 289 3847 ut
313 3795 436 3848 oberrent
455 3808 504 3859 pro
522 3807 563 3846 eo.
582 3819 618 3831 -
637 3791 673 3844 th.
692 3793 713 3842 G
733 3792 763 3842 3:
782 3789 958 3856 Consequitur
977 3787 1019 3853 (ex
1049 3789 1069 3838 1.
1088 3787 1147 3840 Cor.
1170 3787 1209 3851 to,
1232 3785 1263 3836 ib
1283 3795 1308 3838 et

90 3881 127 3944 ΙΙ,
145 3885 188 3950 29)
208 3883 409 3936 conversionem
435 3884 538 3946 tarum,
566 3879 724 3932 oblationem
754 3891 784 3930 oc
813 3877 1052 3942 praesentissimam
1081 3873 1310 3930 cohibitionem...

88 3969 146 4022 ‚iam
166 3973 234 4026 idem
254 3973 373 4024 Christus
391 3979 439 4032 est,
459 3970 512 4022 imo
531 3970 650 4022 eiusdem
669 3967 775 4030 oblatio,
794 3967 918 4033 hunnicis
937 3965 987 4016 atio
1006 3973 1085 4030 atque
1103 3965 1153 4016 aiio
1173 3965 1266 4016 modo.
1285 3963 1309 4015 Ιιι

88 4071 160 4112 cruce
176 4061 301 4129 equidem
321 4059 436 4126 passibili
457 4060 546 4122 modo,
565 4059 592 4110 in
612 4059 690 4110 missu
711 4057 823 4121 mystico
835 4057 952 4116 offertur,
966 4053 1105 4120 utrobique
1119 4061 1204 4104 tamen
1218 4051 1309 4106 eodem

89 4145 177 4202 busim.
196 4177 232 4190 -
251 4153 311 4204 Ass.
333 4148 398 4200 ibi:
418 4149 519 4201 iteratio
538 4155 577 4199 est
596 4147 743 4204 verissima,
762 4159 813 4196 non
833 4143 941 4210 quidem
962 4143 1053 4194 mortis
1071 4141 1174 4203 Christi,
1193 4141 1238 4206 qui
1257 4140 1309 4190 iam

90 4247 136 4287 noo
156 4238 274 4302 moritur,
294 4237 340 4290 scd
353 4234 576 4304 promotiome
597 4235 681 4286 carnis
700 4241 725 4284 ot
751 4232 887 4295 sangoinis
905 4230 997 4282 Christi
1017 4227 1145 4282 exhibitio
1165 4226 1215 4280 sub
1235 4227 1310 4292 panis

90 4325 188 4392 uinique
206 4325 347 4392 speciebus
367 4325 446 4392 idque
465 4331 625 4388 cooperante
645 4322 790 4374 ministro...
806 4321 859 4372 Non
875 4319 954 4384 igitur
973 4333 1064 4370 rursus
1082 4317 1228 4369 occidimus
1240 4315 1310 4368 Chri·

90 4422 161 4478 surm,
179 4417 254 4469 sed...
273 4415 361 4481 ipsum
382 4413 493 4484 mystico
513 4412 591 4466 modo
610 4409 760 4480 offerimus.

156 4503 164 4534 ¹
186 4505 237 4558 {75
256 4519 297 4571 sq.
1000 4492 1011 4524 ¹
1030 4511 1056 4561 p.
1076 4495 1148 4560 (183.
1171 4494 1239 4559 tat.)
