<?xml version="1.0" encoding="UTF-8"?>
<!DOCTYPE html PUBLIC "-//W3C//DTD XHTML 1.0 Transitional//EN"
    "http://www.w3.org/TR/xhtml1/DTD/xhtml1-transitional.dtd">
<html xmlns="http://www.w3.org/1999/xhtml" xml:lang="en" lang="en">
 <head>
  <title>
</title>
<meta http-equiv="Content-Type" content="text/html;charset=utf-8" />
  <meta name='ocr-system' content='tesseract 3.04.00' />
  <meta name='ocr-capabilities' content='ocr_page ocr_carea ocr_par ocr_line ocrx_word'/>
</head>
<body>
  <div class='ocr_page' id='page_1' title='image "./confutatioluthe01schmgoog_0172.png"; bbox 0 0 3390 5096; ppageno 0'>
   <div class='ocr_carea' id='block_1_1' title="bbox 379 313 1284 384">
    <p class='ocr_par' dir='ltr' id='par_1_1' title="bbox 379 313 1284 384">
     <span class='ocr_line' id='line_1_1' title="bbox 379 313 1284 384; baseline 0.003 -5"><span class='ocrx_word' id='word_1_1' title='bbox 379 313 442 381; x_wconf 79' lang='lat' dir='ltr'>idi</span> <span class='ocrx_word' id='word_1_2' title='bbox 692 332 888 382; x_wconf 75' lang='lat' dir='ltr'>consummo</span> <span class='ocrx_word' id='word_1_3' title='bbox 911 333 1145 384; x_wconf 78' lang='lat' dir='ltr'>sumnusursur</span> <span class='ocrx_word' id='word_1_4' title='bbox 1166 334 1284 382; x_wconf 79' lang='lat' dir='ltr'>nanim.</span> 
     </span>
    </p>
   </div>
   <div class='ocr_carea' id='block_1_2' title="bbox 374 455 1690 649">
    <p class='ocr_par' dir='ltr' id='par_1_2' title="bbox 374 455 1690 1244">
     <span class='ocr_line' id='line_1_2' title="bbox 374 455 1690 544; baseline 0.001 -22"><span class='ocrx_word' id='word_1_5' title='bbox 374 455 457 542; x_wconf 90' lang='lat' dir='ltr'>piam</span> <span class='ocrx_word' id='word_1_6' title='bbox 481 473 595 523; x_wconf 85' lang='lat' dir='ltr'>novam</span> <span class='ocrx_word' id='word_1_7' title='bbox 617 457 686 525; x_wconf 86' lang='lat' dir='ltr'>eius</span> <span class='ocrx_word' id='word_1_8' title='bbox 709 456 752 524; x_wconf 89' lang='lat' dir='ltr'>rei</span> <span class='ocrx_word' id='word_1_9' title='bbox 778 456 962 536; x_wconf 85' lang='lat' dir='ltr'>finitionem,</span> <span class='ocrx_word' id='word_1_10' title='bbox 985 474 1047 524; x_wconf 92' lang='lat' dir='ltr'>non</span> <span class='ocrx_word' id='word_1_11' title='bbox 1071 456 1173 525; x_wconf 90' lang='lat' dir='ltr'>solum</span> <span class='ocrx_word' id='word_1_12' title='bbox 1198 457 1238 524; x_wconf 92' lang='lat' dir='ltr'>ab</span> <span class='ocrx_word' id='word_1_13' title='bbox 1260 456 1442 524; x_wconf 89' lang='lat' dir='ltr'>adversario</span> <span class='ocrx_word' id='word_1_14' title='bbox 1466 475 1533 523; x_wconf 92' lang='lat' dir='ltr'>non</span> <span class='ocrx_word' id='word_1_15' title='bbox 1559 473 1611 523; x_wconf 90' lang='lat' dir='ltr'>re·</span> <span class='ocrx_word' id='word_1_16' title='bbox 1689 463 1690 544; x_wconf 76' lang='lat' dir='ltr'>l</span> 
     </span>
     <span class='ocr_line' id='line_1_3' title="bbox 375 561 1610 649; baseline -0.002 -19"><span class='ocrx_word' id='word_1_17' title='bbox 375 568 507 648; x_wconf 87' lang='lat' dir='ltr'>ceptam,</span> <span class='ocrx_word' id='word_1_18' title='bbox 530 561 584 630; x_wconf 90' lang='lat' dir='ltr'>sed</span> <span class='ocrx_word' id='word_1_19' title='bbox 607 562 701 630; x_wconf 87' lang='lat' dir='ltr'>etiam</span> <span class='ocrx_word' id='word_1_20' title='bbox 725 582 744 629; x_wconf 91' lang='lat' dir='ltr'>a</span> <span class='ocrx_word' id='word_1_21' title='bbox 767 563 855 630; x_wconf 91' lang='lat' dir='ltr'>nullo</span> <span class='ocrx_word' id='word_1_22' title='bbox 876 569 949 630; x_wconf 90' lang='lat' dir='ltr'>ante</span> <span class='ocrx_word' id='word_1_23' title='bbox 972 563 1002 630; x_wconf 90' lang='lat' dir='ltr'>id</span> <span class='ocrx_word' id='word_1_24' title='bbox 1027 564 1177 649; x_wconf 90' lang='lat' dir='ltr'>temporis</span> <span class='ocrx_word' id='word_1_25' title='bbox 1200 561 1337 630; x_wconf 89' lang='lat' dir='ltr'>auditam</span> <span class='ocrx_word' id='word_1_26' title='bbox 1356 581 1415 648; x_wconf 92' lang='lat' dir='ltr'>pro</span> <span class='ocrx_word' id='word_1_27' title='bbox 1432 580 1491 629; x_wconf 89' lang='lat' dir='ltr'>suo</span> <span class='ocrx_word' id='word_1_28' title='bbox 1508 580 1610 629; x_wconf 89' lang='lat' dir='ltr'>sensu</span> 
     </span>
    </p>
   </div>
   <div class='ocr_carea' id='block_1_3' title="bbox 205 667 1690 4258">
    <p class='ocr_par' dir='ltr' id='par_1_3' title="bbox 205 667 1690 4258">
     <span class='ocr_line' id='line_1_4' title="bbox 374 667 1608 756; baseline -0.002 -21"><span class='ocrx_word' id='word_1_29' title='bbox 374 668 418 736; x_wconf 93' lang='lat' dir='ltr'>illi</span> <span class='ocrx_word' id='word_1_30' title='bbox 443 669 657 755; x_wconf 79' lang='lat' dir='ltr'>praescribere</span> <span class='ocrx_word' id='word_1_31' title='bbox 682 669 776 736; x_wconf 75' lang='lat' dir='ltr'>velit!</span> <span class='ocrx_word' id='word_1_32' title='bbox 799 669 849 736; x_wconf 88' lang='lat' dir='ltr'>Sic</span> <span class='ocrx_word' id='word_1_33' title='bbox 872 669 955 737; x_wconf 90' lang='lat' dir='ltr'>enim</span> <span class='ocrx_word' id='word_1_34' title='bbox 980 669 1106 756; x_wconf 87' lang='lat' dir='ltr'>quidvis</span> <span class='ocrx_word' id='word_1_35' title='bbox 1129 669 1218 737; x_wconf 90' lang='lat' dir='ltr'>lacile</span> <span class='ocrx_word' id='word_1_36' title='bbox 1240 668 1428 754; x_wconf 90' lang='lat' dir='ltr'>disputando</span> <span class='ocrx_word' id='word_1_37' title='bbox 1452 667 1608 754; x_wconf 83' lang='lat' dir='ltr'>consequi</span> 
     </span>
     <span class='ocr_line' id='line_1_5' title="bbox 374 775 1610 861; baseline -0.002 -19"><span class='ocrx_word' id='word_1_38' title='bbox 374 776 491 844; x_wconf 88' lang='lat' dir='ltr'>liceret.</span> <span class='ocrx_word' id='word_1_39' title='bbox 516 777 552 842; x_wconf 82' lang='lat' dir='ltr'>tt</span> <span class='ocrx_word' id='word_1_40' title='bbox 574 794 683 842; x_wconf 89' lang='lat' dir='ltr'>rerum</span> <span class='ocrx_word' id='word_1_41' title='bbox 708 775 864 843; x_wconf 87' lang='lat' dir='ltr'>finitiones</span> <span class='ocrx_word' id='word_1_42' title='bbox 886 782 961 843; x_wconf 88' lang='lat' dir='ltr'>sunt</span> <span class='ocrx_word' id='word_1_43' title='bbox 983 777 1136 844; x_wconf 89' lang='lat' dir='ltr'>clementa</span> <span class='ocrx_word' id='word_1_44' title='bbox 1159 776 1225 844; x_wconf 87' lang='lat' dir='ltr'>sive</span> <span class='ocrx_word' id='word_1_45' title='bbox 1249 775 1401 861; x_wconf 91' lang='lat' dir='ltr'>principia</span> <span class='ocrx_word' id='word_1_46' title='bbox 1424 775 1610 860; x_wconf 91' lang='lat' dir='ltr'>disciplina-</span> 
     </span>
     <span class='ocr_line' id='line_1_6' title="bbox 375 880 1610 968; baseline -0.003 -18"><span class='ocrx_word' id='word_1_47' title='bbox 375 901 459 962; x_wconf 90' lang='lat' dir='ltr'>rum,</span> <span class='ocrx_word' id='word_1_48' title='bbox 475 889 637 968; x_wconf 88' lang='lat' dir='ltr'>quactum</span> <span class='ocrx_word' id='word_1_49' title='bbox 654 880 835 960; x_wconf 85' lang='lat' dir='ltr'><strong>immobilia,</strong></span> <span class='ocrx_word' id='word_1_50' title='bbox 853 889 920 948; x_wconf 91' lang='lat' dir='ltr'>tum</span> <span class='ocrx_word' id='word_1_51' title='bbox 937 881 1084 949; x_wconf 90' lang='lat' dir='ltr'>omnibus</span> <span class='ocrx_word' id='word_1_52' title='bbox 1100 881 1240 949; x_wconf 85' lang='lat' dir='ltr'>contessa</span> <span class='ocrx_word' id='word_1_53' title='bbox 1255 899 1323 949; x_wconf 91' lang='lat' dir='ltr'>esse</span> <span class='ocrx_word' id='word_1_54' title='bbox 1338 887 1473 967; x_wconf 88' lang='lat' dir='ltr'>oportet,</span> <span class='ocrx_word' id='word_1_55' title='bbox 1489 899 1610 967; x_wconf 88' lang='lat' dir='ltr'>qnem-</span> 
     </span>
     <span class='ocr_line' id='line_1_7' title="bbox 373 987 1608 1082; baseline -0.004 -25"><span class='ocrx_word' id='word_1_56' title='bbox 373 989 541 1057; x_wconf 83' lang='lat' dir='ltr'>admodum</span> <span class='ocrx_word' id='word_1_57' title='bbox 566 988 597 1055; x_wconf 92' lang='lat' dir='ltr'>in</span> <span class='ocrx_word' id='word_1_58' title='bbox 620 987 793 1082; x_wconf 81' lang='lat' dir='ltr'>dialecticis</span> <span class='ocrx_word' id='word_1_59' title='bbox 811 989 1014 1073; x_wconf 88' lang='lat' dir='ltr'>praecipitur.</span> <span class='ocrx_word' id='word_1_60' title='bbox 1037 989 1114 1055; x_wconf 89' lang='lat' dir='ltr'>Nam</span> <span class='ocrx_word' id='word_1_61' title='bbox 1149 988 1173 1056; x_wconf 90' lang='lat' dir='ltr'>si</span> <span class='ocrx_word' id='word_1_62' title='bbox 1210 987 1299 1056; x_wconf 88' lang='lat' dir='ltr'>robis</span> <span class='ocrx_word' id='word_1_63' title='bbox 1322 988 1479 1074; x_wconf 81' lang='lat' dir='ltr'>integrum</span> <span class='ocrx_word' id='word_1_64' title='bbox 1508 995 1608 1066; x_wconf 89' lang='lat' dir='ltr'>esset,</span> 
     </span>
     <span class='ocr_line' id='line_1_8' title="bbox 373 1091 1608 1178; baseline -0.004 -17"><span class='ocrx_word' id='word_1_65' title='bbox 373 1099 480 1161; x_wconf 81' lang='lat' dir='ltr'>uestro</span> <span class='ocrx_word' id='word_1_66' title='bbox 503 1092 592 1159; x_wconf 87' lang='lat' dir='ltr'>robis</span> <span class='ocrx_word' id='word_1_67' title='bbox 614 1091 770 1158; x_wconf 88' lang='lat' dir='ltr'>arbitratu</span> <span class='ocrx_word' id='word_1_68' title='bbox 793 1091 967 1178; x_wconf 76' lang='lat' dir='ltr'><strong>quamlibet</strong></span> <span class='ocrx_word' id='word_1_69' title='bbox 982 1093 1168 1160; x_wconf 78' lang='lat' dir='ltr'><strong>sacramenti</strong></span> <span class='ocrx_word' id='word_1_70' title='bbox 1186 1091 1401 1177; x_wconf 80' lang='lat' dir='ltr'>praescribere</span> <span class='ocrx_word' id='word_1_71' title='bbox 1417 1091 1608 1168; x_wconf 85' lang='lat' dir='ltr'>linitionem,</span> 
     </span>
     <span class='ocr_line' id='line_1_9' title="bbox 375 1197 1608 1283; baseline -0.002 -17"><span class='ocrx_word' id='word_1_72' title='bbox 375 1217 436 1266; x_wconf 95' lang='lat' dir='ltr'>non</span> <span class='ocrx_word' id='word_1_73' title='bbox 461 1198 552 1265; x_wconf 92' lang='lat' dir='ltr'>modo</span> <span class='ocrx_word' id='word_1_74' title='bbox 575 1197 663 1265; x_wconf 91' lang='lat' dir='ltr'>lacile</span> <span class='ocrx_word' id='word_1_75' title='bbox 697 1198 830 1283; x_wconf 89' lang='lat' dir='ltr'>possetis</span> <span class='ocrx_word' id='word_1_76' title='bbox 863 1197 1018 1278; x_wconf 89' lang='lat' dir='ltr'>evincere,</span> <span class='ocrx_word' id='word_1_77' title='bbox 1043 1199 1119 1265; x_wconf 89' lang='lat' dir='ltr'>baec</span> <span class='ocrx_word' id='word_1_78' title='bbox 1150 1197 1214 1265; x_wconf 90' lang='lat' dir='ltr'>duo</span> <span class='ocrx_word' id='word_1_79' title='bbox 1250 1204 1371 1264; x_wconf 87' lang='lat' dir='ltr'>tantum</span> <span class='ocrx_word' id='word_1_80' title='bbox 1406 1215 1475 1264; x_wconf 91' lang='lat' dir='ltr'>esse</span> <span class='ocrx_word' id='word_1_81' title='bbox 1498 1215 1608 1264; x_wconf 89' lang='lat' dir='ltr'>sacra-</span> 
     </span>
     <span class='ocr_line' id='line_1_10' title="bbox 374 1303 1607 1391; baseline -0.006 -17"><span class='ocrx_word' id='word_1_82' title='bbox 374 1314 489 1385; x_wconf 91' lang='lat' dir='ltr'>menta,</span> <span class='ocrx_word' id='word_1_83' title='bbox 513 1321 623 1372; x_wconf 87' lang='lat' dir='ltr'>rerum</span> <span class='ocrx_word' id='word_1_84' title='bbox 647 1305 739 1372; x_wconf 90' lang='lat' dir='ltr'>etiam</span> <span class='ocrx_word' id='word_1_85' title='bbox 765 1321 803 1371; x_wconf 91' lang='lat' dir='ltr'>ne</span> <span class='ocrx_word' id='word_1_86' title='bbox 827 1323 926 1371; x_wconf 93' lang='lat' dir='ltr'>unum</span> <span class='ocrx_word' id='word_1_87' title='bbox 943 1322 1109 1390; x_wconf 85' lang='lat' dir='ltr'>superesse</span> <span class='ocrx_word' id='word_1_88' title='bbox 1124 1303 1251 1391; x_wconf 87' lang='lat' dir='ltr'>quidem</span> <span class='ocrx_word' id='word_1_89' title='bbox 1268 1322 1286 1372; x_wconf 94' lang='lat' dir='ltr'>e</span> <span class='ocrx_word' id='word_1_90' title='bbox 1302 1310 1421 1389; x_wconf 91' lang='lat' dir='ltr'>septem</span> <span class='ocrx_word' id='word_1_91' title='bbox 1443 1304 1607 1370; x_wconf 92' lang='lat' dir='ltr'>omnibus.</span> 
     </span>
     <span class='ocr_line' id='line_1_11' title="bbox 375 1410 1608 1497; baseline -0.002 -19"><span class='ocrx_word' id='word_1_92' title='bbox 375 1447 417 1462; x_wconf 93' lang='lat'>-</span> <span class='ocrx_word' id='word_1_93' title='bbox 443 1410 558 1479; x_wconf 87' lang='lat' dir='ltr'>Deinde</span> <span class='ocrx_word' id='word_1_94' title='bbox 581 1411 716 1478; x_wconf 87' lang='lat' dir='ltr'>latemur</span> <span class='ocrx_word' id='word_1_95' title='bbox 751 1410 877 1497; x_wconf 89' lang='lat' dir='ltr'>quidem</span> <span class='ocrx_word' id='word_1_96' title='bbox 909 1411 1093 1478; x_wconf 86' lang='lat' dir='ltr'>sacramenti</span> <span class='ocrx_word' id='word_1_97' title='bbox 1119 1411 1271 1478; x_wconf 91' lang='lat' dir='ltr'>rationem</span> <span class='ocrx_word' id='word_1_98' title='bbox 1296 1417 1439 1477; x_wconf 78' lang='lat' dir='ltr'>constare</span> <span class='ocrx_word' id='word_1_99' title='bbox 1465 1410 1608 1486; x_wconf 86' lang='lat' dir='ltr'>duobus,</span> 
     </span>
     <span class='ocr_line' id='line_1_12' title="bbox 374 1515 1610 1603; baseline -0.004 -17"><span class='ocrx_word' id='word_1_100' title='bbox 374 1535 487 1602; x_wconf 92' lang='lat' dir='ltr'>nempe</span> <span class='ocrx_word' id='word_1_101' title='bbox 510 1517 664 1585; x_wconf 89' lang='lat' dir='ltr'>elemento</span> <span class='ocrx_word' id='word_1_102' title='bbox 688 1517 752 1585; x_wconf 91' lang='lat' dir='ltr'>sire</span> <span class='ocrx_word' id='word_1_103' title='bbox 776 1517 875 1603; x_wconf 83' lang='lat' dir='ltr'>signo,</span> <span class='ocrx_word' id='word_1_104' title='bbox 899 1525 930 1583; x_wconf 87' lang='lat' dir='ltr'>et</span> <span class='ocrx_word' id='word_1_105' title='bbox 955 1517 1051 1583; x_wconf 88' lang='lat' dir='ltr'>verbo</span> <span class='ocrx_word' id='word_1_106' title='bbox 1074 1517 1139 1584; x_wconf 87' lang='lat' dir='ltr'>sive</span> <span class='ocrx_word' id='word_1_107' title='bbox 1162 1517 1313 1596; x_wconf 90' lang='lat' dir='ltr'>oratione,</span> <span class='ocrx_word' id='word_1_108' title='bbox 1336 1534 1437 1602; x_wconf 86' lang='lat' dir='ltr'>eaque</span> <span class='ocrx_word' id='word_1_109' title='bbox 1460 1516 1526 1583; x_wconf 91' lang='lat' dir='ltr'>duo</span> <span class='ocrx_word' id='word_1_110' title='bbox 1543 1515 1610 1583; x_wconf 87' lang='lat' dir='ltr'>sui·</span> 
     </span>
     <span class='ocr_line' id='line_1_13' title="bbox 374 1621 1608 1708; baseline -0.003 -17"><span class='ocrx_word' id='word_1_111' title='bbox 374 1624 469 1692; x_wconf 85' lang='lat' dir='ltr'>ficere</span> <span class='ocrx_word' id='word_1_112' title='bbox 492 1623 531 1690; x_wconf 89' lang='lat' dir='ltr'>ad</span> <span class='ocrx_word' id='word_1_113' title='bbox 554 1622 740 1708; x_wconf 81' lang='lat' dir='ltr'>completam</span> <span class='ocrx_word' id='word_1_114' title='bbox 765 1623 950 1690; x_wconf 83' lang='lat' dir='ltr'>sacramenti</span> <span class='ocrx_word' id='word_1_115' title='bbox 983 1623 1146 1702; x_wconf 89' lang='lat' dir='ltr'>rationem,</span> <span class='ocrx_word' id='word_1_116' title='bbox 1171 1622 1267 1690; x_wconf 88' lang='lat' dir='ltr'>veluti</span> <span class='ocrx_word' id='word_1_117' title='bbox 1298 1623 1459 1690; x_wconf 89' lang='lat' dir='ltr'>materiam</span> <span class='ocrx_word' id='word_1_118' title='bbox 1483 1629 1516 1688; x_wconf 90' lang='lat' dir='ltr'>et</span> <span class='ocrx_word' id='word_1_119' title='bbox 1541 1621 1608 1688; x_wconf 86' lang='lat' dir='ltr'>lor-</span> 
     </span>
     <span class='ocr_line' id='line_1_14' title="bbox 375 1727 1609 1815; baseline -0.002 -19"><span class='ocrx_word' id='word_1_120' title='bbox 375 1747 457 1796; x_wconf 89' lang='lat' dir='ltr'>mam</span> <span class='ocrx_word' id='word_1_121' title='bbox 482 1729 598 1815; x_wconf 89' lang='lat' dir='ltr'>ipsius;</span> <span class='ocrx_word' id='word_1_122' title='bbox 622 1737 654 1795; x_wconf 91' lang='lat' dir='ltr'>at</span> <span class='ocrx_word' id='word_1_123' title='bbox 677 1728 810 1810; x_wconf 86' lang='lat' dir='ltr'>¹uerbum</span> <span class='ocrx_word' id='word_1_124' title='bbox 835 1729 894 1795; x_wconf 92' lang='lat' dir='ltr'>hoc</span> <span class='ocrx_word' id='word_1_125' title='bbox 918 1727 955 1794; x_wconf 89' lang='lat' dir='ltr'>ad</span> <span class='ocrx_word' id='word_1_126' title='bbox 979 1729 1164 1796; x_wconf 90' lang='lat' dir='ltr'>sacramenti</span> <span class='ocrx_word' id='word_1_127' title='bbox 1182 1736 1326 1795; x_wconf 90' lang='lat' dir='ltr'>naturam</span> <span class='ocrx_word' id='word_1_128' title='bbox 1345 1728 1505 1813; x_wconf 90' lang='lat' dir='ltr'>pertinens</span> <span class='ocrx_word' id='word_1_129' title='bbox 1521 1745 1609 1794; x_wconf 83' lang='lat' dir='ltr'>sem·</span> 
     </span>
     <span class='ocr_line' id='line_1_15' title="bbox 378 1833 1605 1921; baseline -0.002 -19"><span class='ocrx_word' id='word_1_130' title='bbox 378 1854 434 1921; x_wconf 91' lang='lat' dir='ltr'>per</span> <span class='ocrx_word' id='word_1_131' title='bbox 457 1853 524 1903; x_wconf 89' lang='lat' dir='ltr'>esse</span> <span class='ocrx_word' id='word_1_132' title='bbox 548 1833 801 1920; x_wconf 90' lang='lat' dir='ltr'>promissorium,</span> <span class='ocrx_word' id='word_1_133' title='bbox 836 1834 963 1900; x_wconf 91' lang='lat' dir='ltr'>omnino</span> <span class='ocrx_word' id='word_1_134' title='bbox 998 1852 1157 1920; x_wconf 80' lang='lat' dir='ltr'>negamus.</span> <span class='ocrx_word' id='word_1_135' title='bbox 1183 1835 1289 1901; x_wconf 91' lang='lat' dir='ltr'>Nonne</span> <span class='ocrx_word' id='word_1_136' title='bbox 1321 1835 1350 1901; x_wconf 96' lang='lat' dir='ltr'>in</span> <span class='ocrx_word' id='word_1_137' title='bbox 1387 1834 1448 1900; x_wconf 93' lang='lat' dir='ltr'>illis</span> <span class='ocrx_word' id='word_1_138' title='bbox 1471 1834 1605 1920; x_wconf 88' lang='lat' dir='ltr'>quidem</span> 
     </span>
     <span class='ocr_line' id='line_1_16' title="bbox 374 1940 1606 2026; baseline -0.002 -17"><span class='ocrx_word' id='word_1_139' title='bbox 374 1942 588 2020; x_wconf 86' lang='lat' dir='ltr'>sacramentis,</span> <span class='ocrx_word' id='word_1_140' title='bbox 607 1945 692 2026; x_wconf 83' lang='lat' dir='ltr'>&#39;quac</span> <span class='ocrx_word' id='word_1_141' title='bbox 716 1941 930 2026; x_wconf 90' lang='lat' dir='ltr'>promissionis</span> <span class='ocrx_word' id='word_1_142' title='bbox 953 1940 1085 2008; x_wconf 88' lang='lat' dir='ltr'>verbum</span> <span class='ocrx_word' id='word_1_143' title='bbox 1117 1941 1243 2020; x_wconf 92' lang='lat' dir='ltr'>babent,</span> <span class='ocrx_word' id='word_1_144' title='bbox 1275 1959 1336 2008; x_wconf 94' lang='lat' dir='ltr'>non</span> <span class='ocrx_word' id='word_1_145' title='bbox 1370 1947 1431 2007; x_wconf 89' lang='lat' dir='ltr'>tam</span> <span class='ocrx_word' id='word_1_146' title='bbox 1449 1941 1464 1971; x_wconf 84' lang='lat'>*</span> <span class='ocrx_word' id='word_1_147' title='bbox 1498 1941 1606 2026; x_wconf 91' lang='lat' dir='ltr'>ipsum</span> 
     </span>
     <span class='ocr_line' id='line_1_17' title="bbox 373 2045 1607 2131; baseline -0.002 -17"><span class='ocrx_word' id='word_1_148' title='bbox 373 2047 411 2114; x_wconf 90' lang='lat' dir='ltr'>ad</span> <span class='ocrx_word' id='word_1_149' title='bbox 435 2047 621 2114; x_wconf 89' lang='lat' dir='ltr'>sacramenti</span> <span class='ocrx_word' id='word_1_150' title='bbox 647 2046 797 2113; x_wconf 88' lang='lat' dir='ltr'>rationem</span> <span class='ocrx_word' id='word_1_151' title='bbox 829 2053 860 2114; x_wconf 91' lang='lat' dir='ltr'>et</span> <span class='ocrx_word' id='word_1_152' title='bbox 892 2046 1098 2113; x_wconf 85' lang='lat' dir='ltr'>substantiam</span> <span class='ocrx_word' id='word_1_153' title='bbox 1122 2047 1243 2126; x_wconf 90' lang='lat' dir='ltr'>attinet,</span> <span class='ocrx_word' id='word_1_154' title='bbox 1267 2045 1321 2114; x_wconf 88' lang='lat' dir='ltr'>sed</span> <span class='ocrx_word' id='word_1_155' title='bbox 1345 2063 1382 2112; x_wconf 88' lang='lat' dir='ltr'>ea</span> <span class='ocrx_word' id='word_1_156' title='bbox 1406 2046 1512 2131; x_wconf 91' lang='lat' dir='ltr'>potius</span> <span class='ocrx_word' id='word_1_157' title='bbox 1536 2064 1607 2113; x_wconf 84' lang='lat' dir='ltr'>ver·</span> 
     </span>
     <span class='ocr_line' id='line_1_18' title="bbox 374 2133 1605 2238; baseline -0.002 -19"><span class='ocrx_word' id='word_1_158' title='bbox 374 2153 486 2220; x_wconf 90' lang='lat' dir='ltr'>borum</span> <span class='ocrx_word' id='word_1_159' title='bbox 511 2151 656 2230; x_wconf 81' lang='lat' dir='ltr'>formula,</span> <span class='ocrx_word' id='word_1_160' title='bbox 680 2170 744 2238; x_wconf 87' lang='lat' dir='ltr'>que</span> <span class='ocrx_word' id='word_1_161' title='bbox 766 2133 997 2218; x_wconf 74' lang='lat' dir='ltr'>sacrameitum</span> <span class='ocrx_word' id='word_1_162' title='bbox 1022 2152 1170 2238; x_wconf 82' lang='lat' dir='ltr'>quodque</span> <span class='ocrx_word' id='word_1_163' title='bbox 1192 2153 1379 2219; x_wconf 80' lang='lat' dir='ltr'>conticitum</span> <span class='ocrx_word' id='word_1_164' title='bbox 1395 2153 1435 2220; x_wconf 91' lang='lat' dir='ltr'>llt</span> <span class='ocrx_word' id='word_1_165' title='bbox 1458 2153 1544 2219; x_wconf 92' lang='lat' dir='ltr'>enim</span> <span class='ocrx_word' id='word_1_166' title='bbox 1573 2153 1605 2217; x_wconf 94' lang='lat' dir='ltr'>in</span> 
     </span>
     <span class='ocr_line' id='line_1_19' title="bbox 374 2258 1607 2345; baseline -0.002 -19"><span class='ocrx_word' id='word_1_167' title='bbox 374 2277 438 2326; x_wconf 91' lang='lat' dir='ltr'>uno</span> <span class='ocrx_word' id='word_1_168' title='bbox 461 2258 597 2344; x_wconf 85' lang='lat' dir='ltr'>exempli</span> <span class='ocrx_word' id='word_1_169' title='bbox 622 2276 717 2326; x_wconf 88' lang='lat' dir='ltr'>causa</span> <span class='ocrx_word' id='word_1_170' title='bbox 740 2258 911 2336; x_wconf 88' lang='lat' dir='ltr'>ostendam,</span> <span class='ocrx_word' id='word_1_171' title='bbox 937 2259 966 2324; x_wconf 93' lang='lat' dir='ltr'>in</span> <span class='ocrx_word' id='word_1_172' title='bbox 990 2258 1175 2343; x_wconf 90' lang='lat' dir='ltr'>baptismate</span> <span class='ocrx_word' id='word_1_173' title='bbox 1198 2277 1260 2325; x_wconf 94' lang='lat' dir='ltr'>non</span> <span class='ocrx_word' id='word_1_174' title='bbox 1285 2258 1367 2326; x_wconf 88' lang='lat' dir='ltr'>istud</span> <span class='ocrx_word' id='word_1_175' title='bbox 1386 2258 1607 2345; x_wconf 90' lang='lat' dir='ltr'>promissionis</span> 
     </span>
     <span class='ocr_line' id='line_1_20' title="bbox 225 2363 1606 2476; baseline -0.001 -44"><span class='ocrx_word' id='word_1_176' title='bbox 225 2377 345 2476; x_wconf 47' lang='lat' dir='ltr'>ltacgt·</span> <span class='ocrx_word' id='word_1_177' title='bbox 376 2365 526 2432; x_wconf 87' lang='lat' dir='ltr'>verbum:</span> <span class='ocrx_word' id='word_1_178' title='bbox 552 2365 618 2448; x_wconf 87' lang='lat' dir='ltr'>Qui</span> <span class='ocrx_word' id='word_1_179' title='bbox 640 2365 815 2432; x_wconf 79' lang='lat' dir='ltr'>crediderit</span> <span class='ocrx_word' id='word_1_180' title='bbox 838 2375 867 2430; x_wconf 87' lang='lat' dir='ltr'>et</span> <span class='ocrx_word' id='word_1_181' title='bbox 891 2363 1086 2450; x_wconf 83' lang='lat' dir='ltr'>baptizatus</span> <span class='ocrx_word' id='word_1_182' title='bbox 1108 2363 1224 2450; x_wconf 82' lang='lat' dir='ltr'>suerit,</span> <span class='ocrx_word' id='word_1_183' title='bbox 1248 2365 1364 2432; x_wconf 79' lang='lat' dir='ltr'>calcus</span> <span class='ocrx_word' id='word_1_184' title='bbox 1387 2367 1461 2445; x_wconf 83' lang='lat' dir='ltr'>em&#39;t,</span> <span class='ocrx_word' id='word_1_185' title='bbox 1489 2365 1530 2432; x_wconf 93' lang='lat' dir='ltr'>ad</span> <span class='ocrx_word' id='word_1_186' title='bbox 1550 2366 1606 2432; x_wconf 92' lang='lat' dir='ltr'>ba-</span> 
     </span>
     <span class='ocr_line' id='line_1_21' title="bbox 239 2433 1605 2558; baseline -0.001 -20"><span class='ocrx_word' id='word_1_187' title='bbox 239 2433 282 2487; x_wconf 59' lang='grc'>(’</span> <span class='ocrx_word' id='word_1_188' title='bbox 326 2433 334 2488; x_wconf 64' lang='grc'><strong>)</strong></span> <span class='ocrx_word' id='word_1_189' title='bbox 377 2471 480 2558; x_wconf 89' lang='lat' dir='ltr'>ptismi</span> <span class='ocrx_word' id='word_1_190' title='bbox 505 2477 650 2538; x_wconf 89' lang='lat' dir='ltr'>naturam</span> <span class='ocrx_word' id='word_1_191' title='bbox 676 2471 827 2555; x_wconf 91' lang='lat' dir='ltr'>pertinet,</span> <span class='ocrx_word' id='word_1_192' title='bbox 852 2467 996 2555; x_wconf 85' lang='lat' dir='ltr'>ut(121)</span> <span class='ocrx_word' id='word_1_193' title='bbox 1020 2471 1139 2556; x_wconf 87' lang='lat' dir='ltr'>absque</span> <span class='ocrx_word' id='word_1_194' title='bbox 1163 2471 1231 2557; x_wconf 93' lang='lat' dir='ltr'>ipso</span> <span class='ocrx_word' id='word_1_195' title='bbox 1265 2490 1326 2538; x_wconf 92' lang='lat' dir='ltr'>non</span> <span class='ocrx_word' id='word_1_196' title='bbox 1363 2472 1523 2550; x_wconf 88' lang='lat' dir='ltr'>consistat,</span> <span class='ocrx_word' id='word_1_197' title='bbox 1549 2469 1605 2538; x_wconf 88' lang='lat' dir='ltr'>sed</span> 
     </span>
     <span class='ocr_line' id='line_1_22' title="bbox 218 2576 1605 2701; baseline -0.003 -56"><span class='ocrx_word' id='word_1_198' title='bbox 218 2588 347 2701; x_wconf 47' lang='lat' dir='ltr'>&#39;widi&#39;</span> <span class='ocrx_word' id='word_1_199' title='bbox 375 2579 436 2645; x_wconf 92' lang='lat' dir='ltr'>hoc</span> <span class='ocrx_word' id='word_1_200' title='bbox 460 2578 563 2663; x_wconf 91' lang='lat' dir='ltr'>potius</span> <span class='ocrx_word' id='word_1_201' title='bbox 586 2578 737 2645; x_wconf 82' lang='lat' dir='ltr'>verbum:</span> <span class='ocrx_word' id='word_1_202' title='bbox 763 2578 824 2664; x_wconf 76' lang='lat' dir='ltr'>ligo</span> <span class='ocrx_word' id='word_1_203' title='bbox 859 2578 982 2663; x_wconf 88' lang='lat' dir='ltr'>baptizo</span> <span class='ocrx_word' id='word_1_204' title='bbox 1013 2585 1043 2645; x_wconf 94' lang='lat' dir='ltr'>te</span> <span class='ocrx_word' id='word_1_205' title='bbox 1079 2579 1115 2644; x_wconf 84' lang='lat' dir='ltr'>c&#39;n</span> <span class='ocrx_word' id='word_1_206' title='bbox 1149 2578 1281 2644; x_wconf 83' lang='lat' dir='ltr'>nomine</span> <span class='ocrx_word' id='word_1_207' title='bbox 1299 2579 1413 2664; x_wconf 81' lang='lat' dir='ltr'>patris</span> <span class='ocrx_word' id='word_1_208' title='bbox 1436 2587 1465 2642; x_wconf 89' lang='lat' dir='ltr'>et</span> <span class='ocrx_word' id='word_1_209' title='bbox 1487 2576 1554 2661; x_wconf 73' lang='lat' dir='ltr'>filli</span> <span class='ocrx_word' id='word_1_210' title='bbox 1576 2585 1605 2642; x_wconf 87' lang='lat' dir='ltr'>et</span> 
     </span>
     <span class='ocr_line' id='line_1_23' title="bbox 274 2675 1604 2770; baseline -0.002 -20"><span class='ocrx_word' id='word_1_211' title='bbox 274 2675 280 2696; x_wconf 88' lang='lat'>&#39;</span> <span class='ocrx_word' id='word_1_212' title='bbox 374 2684 659 2770; x_wconf 66' lang='lat' dir='ltr'>peraccesserat,</span> <span class='ocrx_word' id='word_1_213' title='bbox 682 2683 765 2770; x_wconf 89' lang='lat' dir='ltr'>quod</span> <span class='ocrx_word' id='word_1_214' title='bbox 790 2703 850 2750; x_wconf 93' lang='lat' dir='ltr'>non</span> <span class='ocrx_word' id='word_1_215' title='bbox 868 2692 915 2752; x_wconf 90' lang='lat' dir='ltr'>est</span> <span class='ocrx_word' id='word_1_216' title='bbox 939 2685 1197 2770; x_wconf 67' lang='lat' dir='ltr'>promissorium</span> <span class='ocrx_word' id='word_1_217' title='bbox 1213 2692 1310 2770; x_wconf 85' lang='lat' dir='ltr'>atque</span> <span class='ocrx_word' id='word_1_218' title='bbox 1326 2685 1386 2752; x_wconf 90' lang='lat' dir='ltr'>hoc</span> <span class='ocrx_word' id='word_1_219' title='bbox 1402 2691 1517 2762; x_wconf 91' lang='lat' dir='ltr'>tamen,</span> <span class='ocrx_word' id='word_1_220' title='bbox 1540 2701 1604 2750; x_wconf 94' lang='lat' dir='ltr'>non</span> 
     </span>
     <span class='ocr_line' id='line_1_24' title="bbox 374 2789 1042 2876; baseline -0.003 -19"><span class='ocrx_word' id='word_1_221' title='bbox 374 2791 451 2858; x_wconf 91' lang='lat' dir='ltr'>illud</span> <span class='ocrx_word' id='word_1_222' title='bbox 476 2789 507 2856; x_wconf 93' lang='lat' dir='ltr'>in</span> <span class='ocrx_word' id='word_1_223' title='bbox 531 2790 716 2875; x_wconf 87' lang='lat' dir='ltr'>baptismate</span> <span class='ocrx_word' id='word_1_224' title='bbox 739 2791 871 2876; x_wconf 84' lang='lat' dir='ltr'>gratiam</span> <span class='ocrx_word' id='word_1_225' title='bbox 896 2796 1042 2876; x_wconf 88' lang='lat' dir='ltr'>praestat.</span> 
     </span>
     <span class='ocr_line' id='line_1_25' title="bbox 463 2895 1605 2982; baseline -0.001 -20"><span class='ocrx_word' id='word_1_226' title='bbox 463 2897 616 2982; x_wconf 89' lang='lat' dir='ltr'>Quocirca</span> <span class='ocrx_word' id='word_1_227' title='bbox 639 2913 751 2962; x_wconf 91' lang='lat' dir='ltr'>novam</span> <span class='ocrx_word' id='word_1_228' title='bbox 776 2897 961 2964; x_wconf 90' lang='lat' dir='ltr'>sacramenti</span> <span class='ocrx_word' id='word_1_229' title='bbox 985 2897 1157 2964; x_wconf 90' lang='lat' dir='ltr'>linitionem</span> <span class='ocrx_word' id='word_1_230' title='bbox 1183 2897 1273 2964; x_wconf 89' lang='lat' dir='ltr'>istam</span> <span class='ocrx_word' id='word_1_231' title='bbox 1291 2913 1443 2964; x_wconf 88' lang='lat' dir='ltr'>unacum</span> <span class='ocrx_word' id='word_1_232' title='bbox 1461 2895 1605 2962; x_wconf 90' lang='lat' dir='ltr'>suisau-</span> 
     </span>
     <span class='ocr_line' id='line_1_26' title="bbox 374 3001 1690 3098; baseline -0.003 -28"><span class='ocrx_word' id='word_1_233' title='bbox 374 3002 515 3070; x_wconf 92' lang='lat' dir='ltr'>ctoribus</span> <span class='ocrx_word' id='word_1_234' title='bbox 538 3003 739 3087; x_wconf 90' lang='lat' dir='ltr'>repudiantes</span> <span class='ocrx_word' id='word_1_235' title='bbox 773 3003 810 3068; x_wconf 90' lang='lat' dir='ltr'>ad</span> <span class='ocrx_word' id='word_1_236' title='bbox 847 3003 962 3070; x_wconf 89' lang='lat' dir='ltr'>veteris</span> <span class='ocrx_word' id='word_1_237' title='bbox 997 3003 1058 3098; x_wconf 81' lang='lat' dir='ltr'>iam</span> <span class='ocrx_word' id='word_1_238' title='bbox 1082 3003 1202 3088; x_wconf 89' lang='lat' dir='ltr'>pridem</span> <span class='ocrx_word' id='word_1_239' title='bbox 1227 3003 1267 3070; x_wconf 89' lang='lat' dir='ltr'>ab</span> <span class='ocrx_word' id='word_1_240' title='bbox 1291 3003 1426 3070; x_wconf 86' lang='lat' dir='ltr'>Ecclesia</span> <span class='ocrx_word' id='word_1_241' title='bbox 1451 3001 1604 3068; x_wconf 88' lang='lat' dir='ltr'>linitionis</span> <span class='ocrx_word' id='word_1_242' title='bbox 1689 3069 1690 3088; x_wconf 13' lang='grc' dir='ltr'>χ</span> 
     </span>
     <span class='ocr_line' id='line_1_27' title="bbox 374 3108 1690 3195; baseline -0.002 -20"><span class='ocrx_word' id='word_1_243' title='bbox 374 3109 603 3195; x_wconf 88' lang='lat' dir='ltr'>praescriptum</span> <span class='ocrx_word' id='word_1_244' title='bbox 629 3108 770 3176; x_wconf 90' lang='lat' dir='ltr'>redimus</span> <span class='ocrx_word' id='word_1_245' title='bbox 786 3110 831 3188; x_wconf 82' lang='lat'>**,</span> <span class='ocrx_word' id='word_1_246' title='bbox 854 3128 918 3193; x_wconf 86' lang='lat' dir='ltr'>qua</span> <span class='ocrx_word' id='word_1_247' title='bbox 938 3115 1167 3176; x_wconf 89' lang='lat' dir='ltr'>sacramentum</span> <span class='ocrx_word' id='word_1_248' title='bbox 1186 3110 1255 3176; x_wconf 90' lang='lat' dir='ltr'>novi</span> <span class='ocrx_word' id='word_1_249' title='bbox 1274 3109 1449 3177; x_wconf 88' lang='lat' dir='ltr'>testamenti</span> <span class='ocrx_word' id='word_1_250' title='bbox 1466 3127 1485 3176; x_wconf 91' lang='lat' dir='ltr'>a</span> <span class='ocrx_word' id='word_1_251' title='bbox 1500 3109 1603 3176; x_wconf 83' lang='lat' dir='ltr'>Tlieo-</span> <span class='ocrx_word' id='word_1_252' title='bbox 1689 3137 1690 3172; x_wconf 57' lang='lat' dir='ltr'>r</span> 
     </span>
     <span class='ocr_line' id='line_1_28' title="bbox 374 3213 1690 3302; baseline -0.002 -20"><span class='ocrx_word' id='word_1_253' title='bbox 374 3214 481 3301; x_wconf 82' lang='lat' dir='ltr'>logicis</span> <span class='ocrx_word' id='word_1_254' title='bbox 504 3214 626 3282; x_wconf 80' lang='lat' dir='ltr'>deliniri</span> <span class='ocrx_word' id='word_1_255' title='bbox 650 3213 729 3281; x_wconf 89' lang='lat' dir='ltr'>solet</span> <span class='ocrx_word' id='word_1_256' title='bbox 745 3213 921 3280; x_wconf 82' lang='lat' dir='ltr'>invisibilis</span> <span class='ocrx_word' id='word_1_257' title='bbox 936 3215 1069 3300; x_wconf 81' lang='lat' dir='ltr'>proiice</span> <span class='ocrx_word' id='word_1_258' title='bbox 1091 3214 1218 3282; x_wconf 81' lang='lat' dir='ltr'>visibile</span> <span class='ocrx_word' id='word_1_259' title='bbox 1233 3216 1370 3302; x_wconf 73' lang='lat' dir='ltr'>cippum</span> <span class='ocrx_word' id='word_1_260' title='bbox 1392 3213 1523 3302; x_wconf 76' lang='lat' dir='ltr'>efficere,</span> <span class='ocrx_word' id='word_1_261' title='bbox 1543 3216 1603 3282; x_wconf 89' lang='lat' dir='ltr'>hoc</span> <span class='ocrx_word' id='word_1_262' title='bbox 1689 3227 1690 3294; x_wconf 65' lang='grc' dir='ltr'>ξ</span> 
     </span>
     <span class='ocr_line' id='line_1_29' title="bbox 373 3319 1603 3406; baseline -0.001 -18"><span class='ocrx_word' id='word_1_263' title='bbox 373 3329 431 3400; x_wconf 91' lang='lat' dir='ltr'>est,</span> <span class='ocrx_word' id='word_1_264' title='bbox 460 3339 521 3387; x_wconf 92' lang='lat' dir='ltr'>non</span> <span class='ocrx_word' id='word_1_265' title='bbox 553 3319 732 3406; x_wconf 79' lang='lat' dir='ltr'>significans</span> <span class='ocrx_word' id='word_1_266' title='bbox 761 3320 862 3399; x_wconf 90' lang='lat' dir='ltr'>modo,</span> <span class='ocrx_word' id='word_1_267' title='bbox 891 3327 927 3386; x_wconf 91' lang='lat' dir='ltr'>ut</span> <span class='ocrx_word' id='word_1_268' title='bbox 962 3321 1111 3388; x_wconf 89' lang='lat' dir='ltr'>llosaicae</span> <span class='ocrx_word' id='word_1_269' title='bbox 1146 3321 1223 3406; x_wconf 79' lang='lat' dir='ltr'>legis</span> <span class='ocrx_word' id='word_1_270' title='bbox 1257 3327 1464 3399; x_wconf 89' lang='lat' dir='ltr'>sacramenta,</span> <span class='ocrx_word' id='word_1_271' title='bbox 1489 3337 1603 3388; x_wconf 86' lang='lat' dir='ltr'>rerum</span> 
     </span>
     <span class='ocr_line' id='line_1_30' title="bbox 374 3425 1042 3511; baseline -0.004 -17"><span class='ocrx_word' id='word_1_272' title='bbox 374 3427 465 3494; x_wconf 89' lang='lat' dir='ltr'>etiam</span> <span class='ocrx_word' id='word_1_273' title='bbox 490 3426 627 3494; x_wconf 85' lang='lat' dir='ltr'>efficiens</span> <span class='ocrx_word' id='word_1_274' title='bbox 651 3425 877 3511; x_wconf 85' lang='lat' dir='ltr'>conlerensque</span> <span class='ocrx_word' id='word_1_275' title='bbox 899 3426 1042 3511; x_wconf 83' lang='lat' dir='ltr'>gratiam.</span> 
     </span>
     <span class='ocr_line' id='line_1_31' title="bbox 462 3531 1604 3619; baseline -0.001 -19"><span class='ocrx_word' id='word_1_276' title='bbox 462 3534 585 3619; x_wconf 89' lang='lat' dir='ltr'>Septem</span> <span class='ocrx_word' id='word_1_277' title='bbox 611 3531 792 3618; x_wconf 81' lang='lat' dir='ltr'>Evangelica</span> <span class='ocrx_word' id='word_1_278' title='bbox 815 3549 909 3617; x_wconf 84' lang='lat' dir='ltr'>quam</span> <span class='ocrx_word' id='word_1_279' title='bbox 934 3531 1117 3600; x_wconf 87' lang='lat' dir='ltr'>brevissime</span> <span class='ocrx_word' id='word_1_280' title='bbox 1132 3533 1313 3601; x_wconf 86' lang='lat' dir='ltr'>docebimus</span> <span class='ocrx_word' id='word_1_281' title='bbox 1328 3552 1397 3602; x_wconf 92' lang='lat' dir='ltr'>esse</span> <span class='ocrx_word' id='word_1_282' title='bbox 1413 3535 1443 3601; x_wconf 93' lang='lat' dir='ltr'>in</span> <span class='ocrx_word' id='word_1_283' title='bbox 1468 3533 1604 3601; x_wconf 82' lang='lat' dir='ltr'>Ecclesia</span> 
     </span>
     <span class='ocr_line' id='line_1_32' title="bbox 373 3636 1690 3725; baseline 0.002 -17"><span class='ocrx_word' id='word_1_284' title='bbox 373 3639 427 3708; x_wconf 79' lang='lat' dir='ltr'>liei</span> <span class='ocrx_word' id='word_1_285' title='bbox 452 3646 656 3716; x_wconf 90' lang='lat' dir='ltr'>sacramenta,</span> <span class='ocrx_word' id='word_1_286' title='bbox 681 3645 829 3723; x_wconf 88' lang='lat' dir='ltr'>tanquam</span> <span class='ocrx_word' id='word_1_287' title='bbox 853 3636 991 3704; x_wconf 87' lang='lat' dir='ltr'>efficacia</span> <span class='ocrx_word' id='word_1_288' title='bbox 1013 3637 1135 3706; x_wconf 84' lang='lat' dir='ltr'>divinae</span> <span class='ocrx_word' id='word_1_289' title='bbox 1165 3639 1285 3724; x_wconf 83' lang='lat' dir='ltr'>gratiae</span> <span class='ocrx_word' id='word_1_290' title='bbox 1320 3641 1408 3725; x_wconf 81' lang='lat' dir='ltr'>signa</span> <span class='ocrx_word' id='word_1_291' title='bbox 1431 3659 1449 3708; x_wconf 93' lang='lat' dir='ltr'>a</span> <span class='ocrx_word' id='word_1_292' title='bbox 1473 3640 1603 3708; x_wconf 80' lang='lat' dir='ltr'>Christo</span> <span class='ocrx_word' id='word_1_293' title='bbox 1689 3699 1690 3710; x_wconf 70' lang='grc'>,</span> 
     </span>
     <span class='ocr_line' id='line_1_33' title="bbox 373 3743 1690 3832; baseline 0 -18"><span class='ocrx_word' id='word_1_294' title='bbox 373 3747 525 3825; x_wconf 89' lang='lat' dir='ltr'>instituta,</span> <span class='ocrx_word' id='word_1_295' title='bbox 549 3744 589 3811; x_wconf 90' lang='lat' dir='ltr'>ab</span> <span class='ocrx_word' id='word_1_296' title='bbox 612 3744 763 3828; x_wconf 75' lang='lat' dir='ltr'>apostolis</span> <span class='ocrx_word' id='word_1_297' title='bbox 786 3743 900 3810; x_wconf 90' lang='lat' dir='ltr'>tradita</span> <span class='ocrx_word' id='word_1_298' title='bbox 923 3749 954 3810; x_wconf 92' lang='lat' dir='ltr'>et</span> <span class='ocrx_word' id='word_1_299' title='bbox 977 3762 996 3810; x_wconf 90' lang='lat' dir='ltr'>a</span> <span class='ocrx_word' id='word_1_300' title='bbox 1019 3743 1193 3812; x_wconf 88' lang='lat' dir='ltr'>maioribus</span> <span class='ocrx_word' id='word_1_301' title='bbox 1216 3747 1333 3813; x_wconf 89' lang='lat' dir='ltr'>nostris</span> <span class='ocrx_word' id='word_1_302' title='bbox 1349 3746 1517 3832; x_wconf 87' lang='lat' dir='ltr'>bucusque</span> <span class='ocrx_word' id='word_1_303' title='bbox 1533 3764 1603 3814; x_wconf 91' lang='lat' dir='ltr'>cre·</span> <span class='ocrx_word' id='word_1_304' title='bbox 1689 3757 1690 3776; x_wconf 66' lang='lat'>¹</span> 
     </span>
     <span class='ocr_line' id='line_1_34' title="bbox 373 3849 1690 3938; baseline 0.001 -19"><span class='ocrx_word' id='word_1_305' title='bbox 373 3853 437 3919; x_wconf 92' lang='lat' dir='ltr'>dita</span> <span class='ocrx_word' id='word_1_306' title='bbox 460 3859 492 3919; x_wconf 92' lang='lat' dir='ltr'>et</span> <span class='ocrx_word' id='word_1_307' title='bbox 527 3851 701 3918; x_wconf 83' lang='lat' dir='ltr'>observata.</span> <span class='ocrx_word' id='word_1_308' title='bbox 726 3849 844 3916; x_wconf 91' lang='lat' dir='ltr'>Verum</span> <span class='ocrx_word' id='word_1_309' title='bbox 879 3849 935 3916; x_wconf 90' lang='lat' dir='ltr'>etsi</span> <span class='ocrx_word' id='word_1_310' title='bbox 972 3867 1029 3915; x_wconf 91' lang='lat' dir='ltr'>nec</span> <span class='ocrx_word' id='word_1_311' title='bbox 1060 3849 1251 3934; x_wconf 90' lang='lat' dir='ltr'>baptismum</span> <span class='ocrx_word' id='word_1_312' title='bbox 1290 3870 1346 3919; x_wconf 92' lang='lat' dir='ltr'>nec</span> <span class='ocrx_word' id='word_1_313' title='bbox 1371 3852 1602 3920; x_wconf 87' lang='lat' dir='ltr'>Eucharistiam</span> <span class='ocrx_word' id='word_1_314' title='bbox 1689 3865 1690 3938; x_wconf 63' lang='lat' dir='ltr'>l</span> 
     </span>
     <span class='ocr_line' id='line_1_35' title="bbox 373 3954 1603 4044; baseline 0.001 -19"><span class='ocrx_word' id='word_1_315' title='bbox 373 3958 500 4025; x_wconf 92' lang='lat' dir='ltr'>omnino</span> <span class='ocrx_word' id='word_1_316' title='bbox 523 3963 607 4024; x_wconf 89' lang='lat' dir='ltr'>recte</span> <span class='ocrx_word' id='word_1_317' title='bbox 630 3971 667 4023; x_wconf 92' lang='lat' dir='ltr'>ac</span> <span class='ocrx_word' id='word_1_318' title='bbox 689 3954 823 4022; x_wconf 82' lang='lat' dir='ltr'>fideliter</span> <span class='ocrx_word' id='word_1_319' title='bbox 845 3972 918 4022; x_wconf 92' lang='lat' dir='ltr'>cum</span> <span class='ocrx_word' id='word_1_320' title='bbox 945 3954 1078 4022; x_wconf 87' lang='lat' dir='ltr'>Ecclesia</span> <span class='ocrx_word' id='word_1_321' title='bbox 1101 3956 1253 4023; x_wconf 87' lang='lat' dir='ltr'>catholica</span> <span class='ocrx_word' id='word_1_322' title='bbox 1277 3959 1429 4038; x_wconf 90' lang='lat' dir='ltr'>tractatis,</span> <span class='ocrx_word' id='word_1_323' title='bbox 1453 3959 1537 4044; x_wconf 87' lang='lat' dir='ltr'>quod</span> <span class='ocrx_word' id='word_1_324' title='bbox 1557 3967 1603 4026; x_wconf 89' lang='lat' dir='ltr'>ta·</span> 
     </span>
     <span class='ocr_line' id='line_1_36' title="bbox 373 4061 1604 4150; baseline 0 -19"><span class='ocrx_word' id='word_1_325' title='bbox 373 4083 443 4132; x_wconf 90' lang='lat' dir='ltr'>men</span> <span class='ocrx_word' id='word_1_326' title='bbox 468 4061 637 4130; x_wconf 87' lang='lat' dir='ltr'>conceditis</span> <span class='ocrx_word' id='word_1_327' title='bbox 660 4067 833 4146; x_wconf 87' lang='lat' dir='ltr'>utrumque</span> <span class='ocrx_word' id='word_1_328' title='bbox 855 4077 923 4127; x_wconf 91' lang='lat' dir='ltr'>esse</span> <span class='ocrx_word' id='word_1_329' title='bbox 948 4068 1190 4141; x_wconf 86' lang='lat' dir='ltr'>sacramentum,</span> <span class='ocrx_word' id='word_1_330' title='bbox 1213 4062 1251 4128; x_wconf 92' lang='lat' dir='ltr'>de</span> <span class='ocrx_word' id='word_1_331' title='bbox 1286 4083 1350 4150; x_wconf 84' lang='lat' dir='ltr'>uuo</span> <span class='ocrx_word' id='word_1_332' title='bbox 1381 4082 1531 4150; x_wconf 89' lang='lat' dir='ltr'>praesens</span> <span class='ocrx_word' id='word_1_333' title='bbox 1554 4073 1604 4133; x_wconf 90' lang='lat' dir='ltr'>est</span> 
     </span>
     <span class='ocr_line' id='line_1_37' title="bbox 205 4166 1603 4258; baseline 0.004 -23"><span class='ocrx_word' id='word_1_334' title='bbox 205 4179 347 4228; x_wconf 67' lang='lat' dir='ltr'>reniterer·</span> <span class='ocrx_word' id='word_1_335' title='bbox 373 4169 553 4255; x_wconf 90' lang='lat' dir='ltr'>disputatio,</span> <span class='ocrx_word' id='word_1_336' title='bbox 576 4186 613 4236; x_wconf 92' lang='lat' dir='ltr'>ea</span> <span class='ocrx_word' id='word_1_337' title='bbox 634 4173 872 4254; x_wconf 87' lang='lat' dir='ltr'>praetereuntes</span> <span class='ocrx_word' id='word_1_338' title='bbox 907 4166 1051 4250; x_wconf 90' lang='lat' dir='ltr'>protinus</span> <span class='ocrx_word' id='word_1_339' title='bbox 1081 4166 1243 4234; x_wconf 89' lang='lat' dir='ltr'>ordiemur</span> <span class='ocrx_word' id='word_1_340' title='bbox 1274 4188 1293 4236; x_wconf 90' lang='lat' dir='ltr'>a</span> <span class='ocrx_word' id='word_1_341' title='bbox 1314 4168 1529 4258; x_wconf 79' lang='lat' dir='ltr'>poenitenliae</span> <span class='ocrx_word' id='word_1_342' title='bbox 1552 4190 1603 4239; x_wconf 89' lang='lat' dir='ltr'>sa·</span> 
     </span>
    </p>
   </div>
   <div class='ocr_carea' id='block_1_4' title="bbox 374 4259 1690 4360">
    <p class='ocr_par' dir='ltr' id='par_1_4' title="bbox 374 4259 1690 4360">
     <span class='ocr_line' id='line_1_38' title="bbox 374 4259 1690 4360; baseline 0.002 -16"><span class='ocrx_word' id='word_1_343' title='bbox 374 4283 545 4354; x_wconf 87' lang='lat' dir='ltr'>cremento,</span> <span class='ocrx_word' id='word_1_344' title='bbox 570 4281 677 4360; x_wconf 90' lang='lat' dir='ltr'>utpote</span> <span class='ocrx_word' id='word_1_345' title='bbox 700 4272 846 4340; x_wconf 90' lang='lat' dir='ltr'>omnibus</span> <span class='ocrx_word' id='word_1_346' title='bbox 877 4277 947 4356; x_wconf 89' lang='lat' dir='ltr'>post</span> <span class='ocrx_word' id='word_1_347' title='bbox 980 4271 1100 4356; x_wconf 91' lang='lat' dir='ltr'>lapsum</span> <span class='ocrx_word' id='word_1_348' title='bbox 1137 4276 1324 4354; x_wconf 89' lang='lat' dir='ltr'>necessario,</span> <span class='ocrx_word' id='word_1_349' title='bbox 1348 4277 1440 4344; x_wconf 90' lang='lat' dir='ltr'>cuius</span> <span class='ocrx_word' id='word_1_350' title='bbox 1466 4278 1603 4346; x_wconf 84' lang='lat' dir='ltr'>Ecclesia</span> <span class='ocrx_word' id='word_1_351' title='bbox 1689 4259 1690 4286; x_wconf 57' lang='lat'>³</span> 
     </span>
    </p>
   </div>
   <div class='ocr_carea' id='block_1_5' title="bbox 436 4433 721 4562">
    <p class='ocr_par' dir='ltr' id='par_1_5' title="bbox 436 4433 721 4562">
     <span class='ocr_line' id='line_1_39' title="bbox 436 4433 718 4482; baseline -0.011 -1"><span class='ocrx_word' id='word_1_352' title='bbox 436 4436 447 4456; x_wconf 75' lang='lat'>⁶</span> <span class='ocrx_word' id='word_1_353' title='bbox 468 4448 537 4482; x_wconf 70' lang='lat' dir='ltr'>cnon</span> <span class='ocrx_word' id='word_1_354' title='bbox 551 4435 623 4481; x_wconf 67' lang='lat' dir='ltr'>mm»</span> <span class='ocrx_word' id='word_1_355' title='bbox 643 4433 718 4480; x_wconf 80' lang='lat' dir='ltr'>deest.</span> 
     </span>
     <span class='ocr_line' id='line_1_40' title="bbox 436 4513 721 4562; baseline 0 -4"><span class='ocrx_word' id='word_1_356' title='bbox 436 4515 459 4535; x_wconf 79' lang='lat'>⁶·</span> <span class='ocrx_word' id='word_1_357' title='bbox 480 4513 626 4562; x_wconf 81' lang='lat' dir='ltr'>‹redimus›</span> <span class='ocrx_word' id='word_1_358' title='bbox 646 4513 721 4560; x_wconf 85' lang='lat' dir='ltr'>deest.</span> 
     </span>
    </p>
   </div>
   <div class='ocr_carea' id='block_1_6' title="bbox 0 0 1700 5096">
    <p class='ocr_par' dir='ltr' id='par_1_6' title="bbox 0 0 1700 5096">
     <span class='ocr_line' id='line_1_41' title="bbox 0 0 1700 5096; baseline 0 0"><span class='ocrx_word' id='word_1_359' title='bbox 0 0 1700 5096; x_wconf 95' lang='lat' dir='ltr'> </span> 
     </span>
    </p>
   </div>
  </div>
 </body>
</html>
