3364 5092
363 199 425 265 tus
673 217 869 267 coneursum
892 218 1124 267 nurnenanrsur
1147 219 1265 268 nautor.

355 337 546 430 sequentiae,
571 342 652 408 hanc
677 360 751 410 vero
773 339 987 432 cousequentIs
1008 342 1162 410 diatribae
1193 343 1425 429 Theoloqorum
1456 345 1597 430 appelli-

356 454 423 514 tare
446 447 556 516 solent.
580 448 669 533 Quod
694 449 739 516 uti
764 448 900 517 lucidius
915 451 1037 530 evadat,
1054 467 1121 518 rem
1147 451 1245 536 ipsam
1262 451 1409 536 exemplo
1426 451 1598 519 illustrare

355 573 417 621 non
440 555 606 641 gravabor.
630 555 661 622 Si
686 555 853 640 praescivit
875 555 1022 623 dominus
1045 557 1129 624 Deus
1159 556 1314 636 futurum,
1347 566 1384 624 ut
1408 557 1437 624 io
1464 559 1594 626 haeresi
1657 637 1658 640 Ἴ

355 669 461 730 restra
485 661 672 742 moriamini,
696 679 823 730 necesse
846 670 893 729 est
917 661 960 729 ita
983 662 1070 730 fieri:
1094 681 1133 730 en
1156 661 1395 751 consequentiae
1418 664 1596 730 necessita-

355 773 417 835 tem
441 785 483 834 ex
507 767 628 834 adiecta
650 767 827 835 conditione
850 766 1035 836 subiectam.
1060 771 1095 835 tt
1126 785 1310 858 consequens
1334 769 1437 836 istud:
1461 769 1524 836 Vos
1558 771 1594 836 io

355 874 478 942 haeresi
502 881 608 942 vestra
631 875 819 954 moriemini,
843 874 1038 962 simpliciter,
1062 875 1205 942 absolute
1220 883 1252 942 et
1274 876 1390 943 omissa
1409 876 1596 944 conditione

354 982 512 1067 prolatum
536 982 781 1068 haudquaquam
806 989 854 1048 est
885 983 1109 1062 necessarium,
1141 982 1407 1069 quemadmodum
1442 982 1595 1050 absolute

353 1087 506 1156 dicimus:
530 1089 696 1156 Necessum
720 1097 767 1156 est
790 1089 889 1156 Deum
914 1106 993 1168 esse,
1018 1091 1139 1158 coelum
1164 1090 1340 1157 successario
1364 1091 1483 1157 moveri
1500 1100 1532 1157 et
1558 1091 1594 1157 id
1657 1171 1658 1178 ἵ

354 1213 455 1282 genus
476 1195 546 1262 alia.
573 1195 703 1264 Potestis
725 1196 807 1262 enim
840 1195 938 1262 adiuti
968 1197 1075 1263 diviua
1097 1197 1208 1282 gratia,
1233 1197 1262 1262 id
1286 1196 1370 1282 quod
1395 1204 1428 1264 et
1450 1205 1525 1283 opto
1558 1206 1593 1264 et

354 1321 457 1390 spero,
481 1321 499 1369 a
522 1301 635 1369 diaboli
662 1302 782 1389 laqueis
805 1302 973 1388 aliquando
988 1303 1183 1388 resipiscere.
1207 1306 1307 1388 utque
1330 1303 1525 1372 consimilem
1547 1305 1593 1371 ad

354 1409 482 1477 modum
507 1408 546 1476 de
569 1409 683 1477 ceteris
705 1409 862 1486 omnibus,
886 1426 1008 1495 quaea
1040 1409 1139 1478 libero
1163 1410 1299 1477 hominis
1329 1410 1463 1477 arbitrio
1490 1411 1593 1497 proti-

354 1516 528 1596 ciscuntur,
552 1515 798 1601 intelligendum.

777 1730 982 1798 luutcuuus
1005 1731 1157 1798 SEXTUS.

348 1921 354 1930 ⁸
446 1943 543 2029 igitur
567 1960 628 2009 non
660 1959 728 2008 esse
759 1941 789 2008 in
822 1940 1005 2028 potestate*
1036 1941 1172 2013 hominis
1203 1942 1305 2010 lacere
1336 1943 1508 2028 quicquam
1535 1943 1586 2009 rel

355 2051 510 2119 omittere.

881 2209 1057 2301 Responsio.

443 2373 601 2458 Quaedam
626 2380 701 2440 sunt
723 2390 830 2458 opera,
852 2390 934 2459 quae
960 2390 1016 2458 pro
1040 2380 1172 2440 naturae
1196 2379 1322 2440 nostrae
1350 2373 1539 2440 necessitate
1571 2391 1592 2438 a

355 2480 445 2549 nobis
468 2478 608 2546 iacienda
631 2479 715 2547 Dens
738 2480 911 2559 constitnit,
927 2479 1021 2547 simul
1044 2486 1140 2566 atque
1156 2480 1186 2546 in
1212 2480 1292 2546 hanc
1309 2479 1412 2546 locem
1436 2479 1478 2546 ab
1495 2487 1591 2546 utero

355 2586 466 2654 matris
489 2603 601 2654 sumrrs
623 2586 752 2672 egressi,
775 2585 919 2654 videlieet
954 2586 1057 2666 edere,
1082 2587 1200 2668 bibere,
1223 2586 1397 2666 ambulare,
1420 2587 1591 2672 quiescere

355 2711 427 2761 cum
452 2693 520 2760 aliis
543 2700 675 2760 naturae
699 2693 943 2778 operationibus,
968 2711 1049 2779 quae
1072 2694 1175 2760 omnia
1198 2711 1332 2779 prorsus
1363 2693 1488 2760 inutilia
1512 2701 1591 2760 sunt

355 2808 387 2868 et
410 2801 475 2868 Deo
498 2800 631 2886 ingrata,
655 2799 806 2884 quamdiu
838 2799 928 2866 nobis
954 2817 1013 2866 nos
1044 2800 1268 2886 relinquimur,
1292 2796 1362 2884 (93)
1386 2799 1498 2885 quales
1520 2800 1588 2866 uati

355 2924 476 2974 sumus.
501 2907 576 2973 Nam
593 2905 686 2972 malo
707 2903 811 2972 ordor
826 2924 888 2972 non
905 2906 964 2973 nisi
980 2907 1087 2974 malos
1101 2904 1238 2992 fructos
1254 2907 1410 2992 producit.
1427 2907 1537 2974 llattlr.
1557 2909 1589 2972 7.-

355 3014 414 3082 Sed
438 3031 532 3100 quem
558 3013 641 3080 Deus
664 3031 781 3080 novum
806 3013 964 3079 hominem
989 3012 1161 3080 secondum
1190 3013 1335 3098 spiritum
1367 3013 1473 3092 efficit,
1506 3032 1589 3080 eun-

354 3122 426 3189 dem
450 3127 607 3206 polentem
633 3119 706 3186 iacit
729 3119 766 3186 ad
791 3120 985 3205 operandum
1009 3137 1057 3199 ea,
1080 3137 1162 3205 quae
1185 3119 1270 3204 apud
1286 3119 1387 3186 Deum
1411 3119 1493 3186 bona
1510 3126 1590 3186 sunt
1657 3185 1658 3192 ,

355 3235 387 3296 et
409 3235 545 3312 accepta.
570 3224 635 3292 Gal.
660 3227 690 3292 5.
715 3227 801 3310 Quae
824 3233 927 3293 tamen
953 3228 1068 3293 nostris
1094 3227 1214 3293 viribus
1244 3245 1305 3293 non
1329 3226 1469 3294 ieramus
1497 3245 1589 3294 acce-

355 3342 419 3422 pta,
443 3334 496 3402 sed
521 3333 575 3400 Dei
601 3332 834 3414 beneticentiae,
858 3353 939 3420 quae
963 3351 1021 3402 nos
1036 3335 1074 3401 ad
1098 3352 1135 3401 ea
1158 3353 1255 3420 opera
1270 3341 1412 3420 potentes
1436 3333 1541 3400 reddit
1557 3342 1589 3402 et

356 3442 521 3521 confortat,
544 3440 581 3506 ad
608 3440 821 3526 Philippenses
845 3449 969 3528 quarto.

874 3599 1062 3672 Goniuiatio.

444 3764 712 3849 Quemadmodum
737 3763 768 3830 in
792 3763 895 3831 fronte
918 3763 1132 3848 praecedentis
1147 3762 1271 3829 articuli
1288 3762 1428 3828 diximus
1442 3763 1464 3842 ¹,
1481 3768 1513 3829 et
1534 3763 1587 3830 llic

356 3871 511 3938 oberratis
533 3871 640 3938 eadem
676 3875 725 3952 (ut
748 3871 849 3954 aiunt)
873 3870 992 3937 chorda
1008 3870 1030 3949 ²,
1055 3870 1132 3936 nilril
1156 3869 1323 3936 adversum
1348 3867 1586 3955 respondentes.

418 4005 429 4024 '
445 4003 524 4061 Igitur
540 4018 586 4050 non
604 4017 692 4051 omnem
710 4006 861 4062 potestatem.

356 4142 622 4152 ———

428 4246 437 4278 ¹
458 4250 493 4302 Su
515 4263 543 4300 ra
565 4249 626 4300 tle.

428 4335 439 4367 ²
458 4263 542 4392 unilt.
563 4339 584 4403 Q
603 4335 655 4389 5¹²:
674 4337 884 4389 Lulneronorom
903 4348 1038 4399 synagoge
1059 4333 1121 4386 uiuit
1140 4347 1193 4386 nou
1212 4333 1316 4386 videtur
1335 4330 1488 4385 indubium
1508 4347 1586 4386 reuo-

360 4441 429 4492 care,
448 4425 593 4496 qctomlidcl
611 4433 739 4488 sanctum,
759 4421 904 4493 quaomlidct
930 4423 964 4476 ab
989 4423 1133 4476 orthodoxe
1158 4423 1270 4476 Ecclesia
1293 4427 1439 4488 receptum,
1464 4429 1491 4475 et
1517 4423 1584 4476 lianc
