3378 5082
519 333 631 380 ramos
654 332 860 381 cousuessos.
1259 315 1298 380 tr

89 473 176 540 guam
198 465 327 522 cenwna
351 457 543 522 rusticorum
569 455 691 522 millta¹
716 456 862 524 intestino
885 455 977 534 bello,
1001 456 1095 541 idque
1118 455 1304 524 brevissimo

89 571 229 646 tempore,
252 563 290 628 ad
315 562 433 629 interos
450 563 667 629 transmiserit.
686 563 759 628 Non
783 572 830 629 est
852 563 1068 630 dissensione
1084 563 1171 629 Deris
1187 562 1303 648 linquit
1326 577 1347 622 ι.
1360 576 1410 674 cg-
1425 576 1460 629 tt

88 669 265 752 ¹tpostolus),
287 669 346 734 sert
366 669 475 753 pacis,
497 670 586 735 sicut
611 678 641 736 et
669 670 704 734 in
728 670 882 736 omnibns
906 668 1058 736 Ecclesiae
1073 669 1179 736 doceo.
1203 672 1303 754 Atque
1403 661 1408 674 '

89 775 158 841 baec
179 776 304 861 quidem
330 776 522 842 renascentis
547 776 700 862 Evangelii
727 777 821 844 vestrl
850 776 1010 861 praeclara
1041 784 1115 842 suut
1145 775 1302 860 auspicia;

86 883 156 965 rgrrid
179 885 349 962 immineat,
373 901 465 949 uerno
490 884 536 950 rel
561 883 760 950 mediocriter
776 883 900 967 sapiens
916 902 976 949 non
993 882 1150 950 divinarit.
1171 882 1303 968 Oportet
1321 895 1471 950 umato.

86 990 165 1053 emm
188 988 267 1056 boec
289 991 405 1057 omnio
425 989 513 1074 fieri,
537 999 572 1056 nt
595 1009 662 1056 non
684 989 797 1055 stetim
820 989 909 1073 finis.

169 1095 282 1162 Deinde
305 1115 370 1181 qua
392 1095 494 1162 troote
518 1115 573 1162 vos
598 1097 807 1182 Evangelistas
830 1103 861 1162 et
877 1095 1036 1180 Apostolos
1058 1095 1172 1162 Christi
1196 1097 1302 1180 appel-
1324 1111 1349 1156 ιι.

87 1201 146 1266 tare
168 1202 393 1285 praesumitis?
416 1202 470 1288 qui
495 1221 552 1268 nec
568 1201 605 1269 ad
623 1203 804 1288 exemptum
823 1201 962 1286 magistri
988 1201 1123 1268 humiles
1145 1211 1177 1268 et
1200 1202 1301 1281 uittae,

87 1327 138 1373 rrec
159 1310 194 1374 ad
218 1310 445 1394 praescriptam
463 1309 637 1394 Evangeltci
655 1309 882 1376 concionatoris
897 1327 916 1374 a
933 1309 1026 1375 Paulo
1043 1309 1220 1387 tormulam,
1238 1310 1302 1394 pla·

86 1415 140 1480 cidi
162 1435 234 1501 erga
258 1435 378 1495 omnes,
403 1419 548 1502 propensi
573 1417 610 1482 ad
635 1417 809 1483 docendum
833 1423 985 1494 errantes,
1009 1417 1162 1483 mansueti
1194 1414 1232 1482 ad
1256 1423 1303 1480 to

86 1522 240 1589 termidum
266 1522 382 1600 malos;
406 1533 438 1589 at
471 1543 558 1590 olore
590 1523 922 1608 pseudoapostolorum
947 1523 1092 1601 immites,
1116 1521 1199 1600 etati,
1231 1541 1303 1606 pro

85 1646 176 1706 cares,
211 1629 366 1708 maledici,
401 1631 628 1708 criminatores
665 1629 826 1714 perpetuis
860 1629 1009 1696 conviciis
1031 1629 1116 1715 apud
1151 1629 1303 1715 populum

86 1735 264 1812 disertiores,
295 1737 472 1821 Episcopus
507 1737 647 1822 aliosque
684 1754 830 1820 proceres
865 1735 1094 1802 Ecclesiasticus
1129 1735 1302 1814 traducitis,

86 1842 226 1908 mordetis
249 1849 281 1910 et
305 1843 458 1922 laceratis,
483 1843 576 1928 idque
599 1861 658 1909 ceu
682 1842 803 1908 camino
818 1843 922 1908 oleum
938 1841 1118 1908 adiicientes
1134 1843 1157 1921 ²,
1182 1842 1302 1926 plebem

84 1948 214 2032 alimoto
240 1949 354 2015 nobis
348 1968 407 2014 ratu
425 1949 545 2034 pridem
564 1951 635 2034 plus
651 1949 727 2015 satis
743 1948 884 2015 intestam
900 1947 1053 2015 adversus
1068 1949 1188 2015 clerum
1204 1948 1303 2015 exsti-

84 2057 243 2132 mulaotes‚
268 2075 307 2122 ne
331 2057 406 2140 oritd
430 2057 547 2122 scilicet
571 2055 651 2122 desit
666 2055 703 2121 ad
727 2073 850 2121 ornnem
869 2055 1010 2122 seditioni
1038 2054 1205 2121 fenestram
1230 2073 1301 2139 ape-
1319 2070 1385 2117 mor
1393 2067 1427 2120 rr
1435 2068 1472 2114 aa.

85 2161 229 2240 rieudam,
253 2164 371 2248 quibus
395 2171 497 2229 tamen
522 2182 582 2228 non
608 2162 699 2228 ruodo
723 2161 907 2229 maledicere
932 2162 984 2228 tex
1018 2160 1091 2228 olim
1118 2162 1226 2238 vetuit,
1252 2181 1303 2229 r-e
1321 2121 1473 2230 if‘fflof'tf‘

84 2285 151 2333 rum
174 2279 205 2334 et
228 2269 374 2334 Christus
397 2277 429 2335 et
453 2270 562 2335 l'etrus
587 2269 634 2334 vel
666 2268 817 2352 improbis
847 2267 1054 2334 obediendum
1078 2285 1145 2334 esse
1177 2285 1302 2352 praece·
1326 2232 1359 2276 ¹³
1375 2231 1407 2276 (ι
1423 2211 1457 2275 ¹⁸

85 2383 202 2457 perum
227 2375 303 2441 Nam
328 2378 516 2460 quantulum
554 2377 583 2440 in
613 2375 815 2442 concionibus
839 2374 952 2441 vestris
982 2381 1136 2459 superest,
1171 2375 1196 2442 sl
1231 2377 1303 2460 qius

84 2482 195 2566 probra
219 2483 248 2546 iu
274 2482 452 2548 secerdotes
476 2483 555 2548 iacta
579 2482 691 2548 tollat?
714 2482 791 2547 adeo
815 2488 851 2548 ut
875 2483 932 2548 boc
956 2481 1091 2568 quisque
1115 2483 1144 2547 in
1178 2483 1236 2548 ista
1259 2482 1302 2548 ta-

83 2587 179 2654 cttone
205 2596 307 2654 restra
332 2589 532 2655 concionator
549 2589 657 2655 baberi
682 2589 779 2655 soleat
795 2587 1014 2672 praestantior,
1031 2607 1094 2673 quo
1114 2587 1302 2655 conviciator

83 2691 172 2759 tuerit
196 2695 418 2780 impudentior.

166 2801 206 2866 td
231 2808 511 2886 extremumque
543 2801 645 2867 troute
680 2801 826 2885 spiritum
849 2800 903 2866 Del
937 2800 1024 2867 vobis
1058 2817 1207 2886 arrogare
1241 2819 1301 2866 non
1326 2819 1359 2863 ιιι,

83 2907 183 2990 pudet,
205 2907 332 2992 quaudo
349 2911 401 2990 (ne
418 2908 494 2993 quid
518 2908 643 2974 interim
661 2907 699 2974 de
717 2915 821 2974 restra
838 2908 977 2993 ipsorum
996 2907 1058 2972 vita
1073 2906 1196 2992 dicam),
1214 2908 1303 2974 iuxta

83 3011 237 3080 Mutinam
256 3016 336 3080 barac
356 3032 488 3098 operum
513 3015 617 3080 carnis
632 3022 663 3080 et
687 3015 817 3098 spiritus
832 3013 1072 3092 distinctionem,
1089 3013 1119 3080 in
1145 3013 1303 3105 plerisque

80 3119 276 3187 auditoribus
301 3121 413 3186 restris
435 3139 531 3206 opera
555 3121 659 3188 carnis
683 3139 839 3205 nusquam
869 3139 929 3188 uon
954 3129 1116 3206 apparent,
1140 3121 1302 3187 fructuum

80 3235 180 3293 ιιιιιιιι
206 3227 338 3312 spiritus
361 3229 483 3294 utillum
509 3229 600 3313 plane
631 3228 807 3312 vestigium.
833 3228 928 3294 t‘orro
956 3228 1037 3294 sicut
1061 3227 1220 3312 protectus
1246 3246 1302 3294 au·

78 3331 214 3397 «litorum
242 3331 309 3396 laus
332 3341 380 3398 est
403 3340 655 3416 praeceptorum,
681 3342 715 3396 ut
739 3332 783 3397 ait
814 3331 897 3409 illel,
921 3332 963 3398 ita
979 3349 996 3398 e
1012 3329 1136 3398 diuerso
1160 3331 1233 3398 titia
1257 3331 1302 3397 dt·

78 3437 271 3522 sripulorum
296 3447 370 3504 sunt
393 3437 562 3524 opprobria
594 3439 827 3523 magistrorum.
860 3440 941 3522 Quin
974 3437 1050 3504 illud
1084 3437 1158 3504 mitti
1191 3437 1301 3504 dicite:

77 3545 151 3626 lteris
175 3562 317 3628 uriqrram
344 3543 420 3610 vidit
443 3545 473 3610 in
498 3545 700 3610 concionibus
725 3544 836 3611 restris
871 3561 1062 3629 quemquam
1088 3562 1144 3630 pro
1169 3545 1302 3628 peccatis

77 3651 141 3716 suis
164 3649 347 3716 tundentem
374 3651 536 3734 lacrymas,
572 3650 754 3717 tundentem
788 3660 907 3736 pectus
938 3658 994 3717 aut
1025 3649 1302 3736 ingemiscentem?

78 3759 134 3823 ‚tut
156 3757 231 3842 quis
255 3775 393 3842 utiquam
418 3757 455 3823 ad
473 3757 585 3824 bonam
603 3758 726 3843 trugem
744 3758 856 3824 restris
872 3757 1075 3824 concionibus
1095 3757 1209 3824 rediitt
1225 3759 1302 3842 eris

77 3873 185 3930 contra
209 3881 272 3929 nou
297 3865 405 3930 multis
427 3865 520 3931 ettam
546 3865 688 3949 partibus
723 3865 821 3932 erasit
843 3864 980 3930 deterior
996 3867 1032 3929 ‘t
1057 3863 1205 3931 ttaeccine
1229 3883 1300 3931 cum

147 4079 154 4112 ¹
176 4079 250 4132 Mon.
270 4079 287 4130 Ρ
306 4075 357 4130 db:
377 4077 446 4144 Quid
464 4079 532 4130 enirn
554 4080 613 4130 malt
633 4081 683 4131 troc
704 4077 860 4142 imprudens
876 4079 1015 4132 consilium
1035 4077 1147 4144 peperit,
1162 4079 1244 4130 totalis
1256 4091 1301 4130 ru·

77 4167 205 4222 eticorum
225 4168 384 4230 lamentatio,
403 4168 449 4235 qui
469 4168 502 4220 ad
522 4172 632 4221 certternt
645 4166 722 4220 mitio
737 4171 790 4220 tero
803 4168 906 4220 extirictl
921 4174 981 4220 sunt
994 4169 1072 4232 tpron
1087 4167 1172 4234 dolor)
1187 4167 1301 4219 edocuit.

145 4256 157 4288 ²
177 4259 248 4312 ttort.
277 4259 295 4310 E
314 4259 344 4310 5:
365 4257 417 4310 Sed
436 4257 513 4324 (proli
534 4258 619 4324 dolor)
639 4271 686 4309 nos
704 4256 793 4310 oleum
812 4256 869 4326 igni
887 4255 1030 4310 taiicimtrs.

145 4345 157 4376 ⁸
176 4361 212 4400 sr.
233 4345 332 4400 Cicero.

144 4435 155 4465 ⁴
175 4435 237 4490 etot.
257 4437 277 4488 tt
298 4435 349 4488 Bb:
369 4435 444 4488 Certe
462 4437 553 4504 quales
571 4436 622 4489 siut
641 4436 746 4502 (nottrae
765 4449 917 4502 synagogae
937 4433 1001 4502 tltit),
1027 4433 1104 4487 nobis
1129 4435 1245 4487 nondum
1266 4436 1302 4488 rt·

81 4525 162 4578 dimus
181 4526 311 4590 meliores,
330 4526 375 4592 qni
395 4539 426 4578 eu
446 4528 495 4578 trac
514 4525 676 4590 prodierunt.
