<?xml version="1.0" encoding="UTF-8"?>
<!DOCTYPE html PUBLIC "-//W3C//DTD XHTML 1.0 Transitional//EN"
    "http://www.w3.org/TR/xhtml1/DTD/xhtml1-transitional.dtd">
<html xmlns="http://www.w3.org/1999/xhtml" xml:lang="en" lang="en">
 <head>
  <title>
</title>
<meta http-equiv="Content-Type" content="text/html;charset=utf-8" />
  <meta name='ocr-system' content='tesseract 3.04.00' />
  <meta name='ocr-capabilities' content='ocr_page ocr_carea ocr_par ocr_line ocrx_word'/>
</head>
<body>
  <div class='ocr_page' id='page_1' title='image "./confutatioluthe01schmgoog_0207.png"; bbox 0 0 3390 5096; ppageno 0'>
   <div class='ocr_carea' id='block_1_1' title="bbox 536 312 1329 376">
    <p class='ocr_par' dir='ltr' id='par_1_1' title="bbox 536 312 1329 376">
     <span class='ocr_line' id='line_1_1' title="bbox 536 312 1329 376; baseline 0.004 -3"><span class='ocrx_word' id='word_1_1' title='bbox 536 326 665 375; x_wconf 85' lang='lat' dir='ltr'>rnnrrus</span> <span class='ocrx_word' id='word_1_2' title='bbox 688 325 893 376; x_wconf 86' lang='lat' dir='ltr'>coucuussos.</span> <span class='ocrx_word' id='word_1_3' title='bbox 1266 312 1329 376; x_wconf 81' lang='grc'>189</span> 
     </span>
    </p>
   </div>
   <div class='ocr_carea' id='block_1_2' title="bbox 103 449 1332 624">
    <p class='ocr_par' dir='ltr' id='par_1_2' title="bbox 103 449 1332 624">
     <span class='ocr_line' id='line_1_2' title="bbox 105 449 1332 538; baseline 0.005 -24"><span class='ocrx_word' id='word_1_4' title='bbox 105 449 206 535; x_wconf 82' lang='lat' dir='ltr'>Papae</span> <span class='ocrx_word' id='word_1_5' title='bbox 227 449 286 517; x_wconf 92' lang='lat' dir='ltr'>dici</span> <span class='ocrx_word' id='word_1_6' title='bbox 313 453 497 535; x_wconf 88' lang='lat' dir='ltr'>coeperunt)</span> <span class='ocrx_word' id='word_1_7' title='bbox 522 450 553 516; x_wconf 92' lang='lat' dir='ltr'>in</span> <span class='ocrx_word' id='word_1_8' title='bbox 578 456 678 517; x_wconf 90' lang='lat' dir='ltr'>toturn</span> <span class='ocrx_word' id='word_1_9' title='bbox 701 457 776 518; x_wconf 92' lang='lat' dir='ltr'>sunt</span> <span class='ocrx_word' id='word_1_10' title='bbox 797 450 922 530; x_wconf 77' lang='lat' dir='ltr'>addicti,</span> <span class='ocrx_word' id='word_1_11' title='bbox 942 451 1083 538; x_wconf 81' lang='lat' dir='ltr'>neglecto</span> <span class='ocrx_word' id='word_1_12' title='bbox 1106 452 1230 520; x_wconf 90' lang='lat' dir='ltr'>interim</span> <span class='ocrx_word' id='word_1_13' title='bbox 1256 469 1332 520; x_wconf 82' lang='lat' dir='ltr'>vero</span> 
     </span>
     <span class='ocr_line' id='line_1_3' title="bbox 103 555 551 624; baseline 0.002 -2"><span class='ocrx_word' id='word_1_14' title='bbox 103 555 220 624; x_wconf 89' lang='lat' dir='ltr'>Christi</span> <span class='ocrx_word' id='word_1_15' title='bbox 244 556 417 624; x_wconf 89' lang='lat' dir='ltr'>sacerdotis</span> <span class='ocrx_word' id='word_1_16' title='bbox 439 556 551 624; x_wconf 85' lang='lat' dir='ltr'>officio.</span> 
     </span>
    </p>
   </div>
   <div class='ocr_carea' id='block_1_3' title="bbox 624 763 858 864">
    <p class='ocr_par' dir='ltr' id='par_1_3' title="bbox 624 763 858 864">
     <span class='ocr_line' id='line_1_4' title="bbox 624 763 858 864; baseline -0.004 -27"><span class='ocrx_word' id='word_1_17' title='bbox 624 763 813 838; x_wconf 71' lang='lat' dir='ltr'>mohabe.</span> <span class='ocrx_word' id='word_1_18' title='bbox 854 853 858 864; x_wconf 25' lang='grc' dir='ltr'>ι</span> 
     </span>
    </p>
   </div>
   <div class='ocr_carea' id='block_1_4' title="bbox 103 981 1331 4157">
    <p class='ocr_par' dir='ltr' id='par_1_4' title="bbox 103 981 1331 4157">
     <span class='ocr_line' id='line_1_5' title="bbox 195 981 1330 1068; baseline 0.008 -20"><span class='ocrx_word' id='word_1_19' title='bbox 195 981 349 1068; x_wconf 80' lang='lat' dir='ltr'>Principio</span> <span class='ocrx_word' id='word_1_20' title='bbox 370 989 426 1048; x_wconf 92' lang='lat' dir='ltr'>aut</span> <span class='ocrx_word' id='word_1_21' title='bbox 449 999 545 1050; x_wconf 85' lang='lat' dir='ltr'>uerus</span> <span class='ocrx_word' id='word_1_22' title='bbox 567 989 615 1049; x_wconf 89' lang='lat' dir='ltr'>est</span> <span class='ocrx_word' id='word_1_23' title='bbox 636 989 668 1050; x_wconf 89' lang='lat' dir='ltr'>et</span> <span class='ocrx_word' id='word_1_24' title='bbox 683 983 874 1068; x_wconf 91' lang='lat' dir='ltr'>probandus,</span> <span class='ocrx_word' id='word_1_25' title='bbox 890 991 945 1052; x_wconf 88' lang='lat' dir='ltr'>aut</span> <span class='ocrx_word' id='word_1_26' title='bbox 961 985 1059 1052; x_wconf 85' lang='lat' dir='ltr'>taisns</span> <span class='ocrx_word' id='word_1_27' title='bbox 1077 993 1109 1052; x_wconf 94' lang='lat' dir='ltr'>et</span> <span class='ocrx_word' id='word_1_28' title='bbox 1125 985 1330 1068; x_wconf 88' lang='lat' dir='ltr'>reiiciendus;</span> 
     </span>
     <span class='ocr_line' id='line_1_6' title="bbox 104 1087 1331 1176; baseline 0.008 -24"><span class='ocrx_word' id='word_1_29' title='bbox 104 1087 183 1153; x_wconf 82' lang='lat' dir='ltr'>nihil</span> <span class='ocrx_word' id='word_1_30' title='bbox 205 1089 288 1156; x_wconf 92' lang='lat' dir='ltr'>enim</span> <span class='ocrx_word' id='word_1_31' title='bbox 313 1094 361 1156; x_wconf 90' lang='lat' dir='ltr'>est</span> <span class='ocrx_word' id='word_1_32' title='bbox 384 1089 523 1156; x_wconf 89' lang='lat' dir='ltr'>tertium.</span> <span class='ocrx_word' id='word_1_33' title='bbox 547 1089 616 1173; x_wconf 86' lang='lat' dir='ltr'>Quo</span> <span class='ocrx_word' id='word_1_34' title='bbox 642 1088 738 1174; x_wconf 79' lang='lat' dir='ltr'>igitur</span> <span class='ocrx_word' id='word_1_35' title='bbox 762 1097 853 1176; x_wconf 87' lang='lat' dir='ltr'>pacto</span> <span class='ocrx_word' id='word_1_36' title='bbox 877 1109 933 1158; x_wconf 92' lang='lat' dir='ltr'>nee</span> <span class='ocrx_word' id='word_1_37' title='bbox 957 1091 1092 1176; x_wconf 90' lang='lat' dir='ltr'>probare</span> <span class='ocrx_word' id='word_1_38' title='bbox 1116 1109 1173 1160; x_wconf 91' lang='lat' dir='ltr'>nec</span> <span class='ocrx_word' id='word_1_39' title='bbox 1200 1093 1331 1162; x_wconf 90' lang='lat' dir='ltr'>reiicere</span> 
     </span>
     <span class='ocr_line' id='line_1_7' title="bbox 104 1195 1328 1284; baseline 0.003 -22"><span class='ocrx_word' id='word_1_40' title='bbox 104 1195 257 1279; x_wconf 80' lang='lat' dir='ltr'>potestisr</span> <span class='ocrx_word' id='word_1_41' title='bbox 281 1195 399 1262; x_wconf 80' lang='lat' dir='ltr'>Deinde</span> <span class='ocrx_word' id='word_1_42' title='bbox 424 1196 504 1262; x_wconf 89' lang='lat' dir='ltr'>banc</span> <span class='ocrx_word' id='word_1_43' title='bbox 528 1202 665 1263; x_wconf 87' lang='lat' dir='ltr'>vestram</span> <span class='ocrx_word' id='word_1_44' title='bbox 687 1213 755 1264; x_wconf 89' lang='lat' dir='ltr'>csse</span> <span class='ocrx_word' id='word_1_45' title='bbox 785 1196 971 1276; x_wconf 73' lang='lat' dir='ltr'>doctrinam,</span> <span class='ocrx_word' id='word_1_46' title='bbox 1002 1198 1060 1265; x_wconf 87' lang='lat' dir='ltr'>atsi</span> <span class='ocrx_word' id='word_1_47' title='bbox 1093 1204 1241 1284; x_wconf 87' lang='lat' dir='ltr'>tanquam</span> <span class='ocrx_word' id='word_1_48' title='bbox 1270 1200 1328 1266; x_wconf 91' lang='lat' dir='ltr'>viri</span> 
     </span>
     <span class='ocr_line' id='line_1_8' title="bbox 103 1299 1330 1392; baseline 0.006 -27"><span class='ocrx_word' id='word_1_49' title='bbox 103 1299 254 1386; x_wconf 79' lang='lat' dir='ltr'>duplices,</span> <span class='ocrx_word' id='word_1_50' title='bbox 278 1302 490 1369; x_wconf 80' lang='lat' dir='ltr'>inconstantes</span> <span class='ocrx_word' id='word_1_51' title='bbox 512 1302 543 1368; x_wconf 92' lang='lat' dir='ltr'>in</span> <span class='ocrx_word' id='word_1_52' title='bbox 571 1301 718 1370; x_wconf 89' lang='lat' dir='ltr'>omnibns</span> <span class='ocrx_word' id='word_1_53' title='bbox 742 1303 800 1370; x_wconf 87' lang='lat' dir='ltr'>riis</span> <span class='ocrx_word' id='word_1_54' title='bbox 825 1304 946 1384; x_wconf 85' lang='lat' dir='ltr'>restris,</span> <span class='ocrx_word' id='word_1_55' title='bbox 971 1304 1028 1390; x_wconf 91' lang='lat' dir='ltr'>ipsi</span> <span class='ocrx_word' id='word_1_56' title='bbox 1062 1323 1123 1372; x_wconf 93' lang='lat' dir='ltr'>non</span> <span class='ocrx_word' id='word_1_57' title='bbox 1147 1305 1330 1392; x_wconf 71' lang='lat' dir='ltr'>intelligitis</span> 
     </span>
     <span class='ocr_line' id='line_1_9' title="bbox 105 1407 1331 1493; baseline 0.006 -21"><span class='ocrx_word' id='word_1_58' title='bbox 105 1415 208 1474; x_wconf 89' lang='lat' dir='ltr'>tamen</span> <span class='ocrx_word' id='word_1_59' title='bbox 237 1425 255 1475; x_wconf 92' lang='lat' dir='ltr'>e</span> <span class='ocrx_word' id='word_1_60' title='bbox 286 1407 425 1493; x_wconf 91' lang='lat' dir='ltr'>propriis</span> <span class='ocrx_word' id='word_1_61' title='bbox 454 1407 546 1476; x_wconf 90' lang='lat' dir='ltr'>dictis</span> <span class='ocrx_word' id='word_1_62' title='bbox 576 1407 666 1476; x_wconf 80' lang='lat' dir='ltr'>facile</span> <span class='ocrx_word' id='word_1_63' title='bbox 698 1427 754 1477; x_wconf 86' lang='lat' dir='ltr'>ros</span> <span class='ocrx_word' id='word_1_64' title='bbox 784 1409 977 1477; x_wconf 86' lang='lat' dir='ltr'>docebimus.</span> <span class='ocrx_word' id='word_1_65' title='bbox 1001 1411 1076 1477; x_wconf 91' lang='lat' dir='ltr'>Nam</span> <span class='ocrx_word' id='word_1_66' title='bbox 1112 1411 1173 1479; x_wconf 88' lang='lat' dir='ltr'>sub</span> <span class='ocrx_word' id='word_1_67' title='bbox 1195 1411 1331 1479; x_wconf 79' lang='lat' dir='ltr'>articulo</span> 
     </span>
     <span class='ocr_line' id='line_1_10' title="bbox 104 1513 1330 1602; baseline 0.007 -24"><span class='ocrx_word' id='word_1_68' title='bbox 104 1513 207 1580; x_wconf 69' lang='grc' dir='ltr'>ΧΙΙΙ.ι</span> <span class='ocrx_word' id='word_1_69' title='bbox 229 1522 261 1584; x_wconf 91' lang='lat' dir='ltr'>et</span> <span class='ocrx_word' id='word_1_70' title='bbox 285 1515 371 1582; x_wconf 83' lang='lat' dir='ltr'>iiiiii.</span> <span class='ocrx_word' id='word_1_71' title='bbox 385 1516 398 1556; x_wconf 86' lang='lat'><strong>¹</strong></span> <span class='ocrx_word' id='word_1_72' title='bbox 413 1515 603 1595; x_wconf 82' lang='lat' dir='ltr'>asseruistis,</span> <span class='ocrx_word' id='word_1_73' title='bbox 627 1515 782 1602; x_wconf 82' lang='lat' dir='ltr'>legitimos</span> <span class='ocrx_word' id='word_1_74' title='bbox 803 1516 919 1584; x_wconf 83' lang='lat' dir='ltr'>Christi</span> <span class='ocrx_word' id='word_1_75' title='bbox 944 1517 1122 1586; x_wconf 90' lang='lat' dir='ltr'>sacerdotes</span> <span class='ocrx_word' id='word_1_76' title='bbox 1136 1536 1198 1584; x_wconf 96' lang='lat' dir='ltr'>non</span> <span class='ocrx_word' id='word_1_77' title='bbox 1214 1517 1330 1586; x_wconf 90' lang='lat' dir='ltr'>debere</span> 
     </span>
     <span class='ocr_line' id='line_1_11' title="bbox 104 1619 1330 1709; baseline 0.004 -23"><span class='ocrx_word' id='word_1_78' title='bbox 104 1619 326 1690; x_wconf 89' lang='lat' dir='ltr'>sacerdotalem</span> <span class='ocrx_word' id='word_1_79' title='bbox 351 1638 503 1690; x_wconf 83' lang='lat' dir='ltr'>exercere</span> <span class='ocrx_word' id='word_1_80' title='bbox 525 1621 728 1702; x_wconf 79' lang='lat' dir='ltr'>functionem,</span> <span class='ocrx_word' id='word_1_81' title='bbox 751 1622 810 1689; x_wconf 89' lang='lat' dir='ltr'>nisi</span> <span class='ocrx_word' id='word_1_82' title='bbox 843 1630 970 1690; x_wconf 78' lang='lat' dir='ltr'>uocatos</span> <span class='ocrx_word' id='word_1_83' title='bbox 992 1622 1087 1709; x_wconf 90' lang='lat' dir='ltr'>idque</span> <span class='ocrx_word' id='word_1_84' title='bbox 1119 1623 1330 1691; x_wconf 85' lang='lat' dir='ltr'>multitudinis</span> 
     </span>
     <span class='ocr_line' id='line_1_12' title="bbox 104 1728 1328 1815; baseline 0.002 -23"><span class='ocrx_word' id='word_1_85' title='bbox 104 1743 268 1795; x_wconf 83' lang='lat' dir='ltr'>consensu.</span> <span class='ocrx_word' id='word_1_86' title='bbox 293 1730 330 1794; x_wconf 84' lang='lat' dir='ltr'>tt</span> <span class='ocrx_word' id='word_1_87' title='bbox 352 1746 461 1796; x_wconf 93' lang='lat' dir='ltr'>omnes</span> <span class='ocrx_word' id='word_1_88' title='bbox 483 1728 582 1796; x_wconf 82' lang='lat' dir='ltr'>nostri</span> <span class='ocrx_word' id='word_1_89' title='bbox 607 1729 784 1796; x_wconf 85' lang='lat' dir='ltr'>sacerdotes</span> <span class='ocrx_word' id='word_1_90' title='bbox 808 1734 929 1796; x_wconf 92' lang='lat' dir='ltr'>tantum</span> <span class='ocrx_word' id='word_1_91' title='bbox 952 1729 993 1796; x_wconf 89' lang='lat' dir='ltr'>ab</span> <span class='ocrx_word' id='word_1_92' title='bbox 1014 1728 1171 1815; x_wconf 88' lang='lat' dir='ltr'>Episcopis</span> <span class='ocrx_word' id='word_1_93' title='bbox 1194 1729 1328 1797; x_wconf 89' lang='lat' dir='ltr'>ordinati</span> 
     </span>
     <span class='ocr_line' id='line_1_13' title="bbox 106 1833 1329 1920; baseline 0.003 -21"><span class='ocrx_word' id='word_1_94' title='bbox 106 1839 190 1912; x_wconf 89' lang='lat' dir='ltr'>sunt,</span> <span class='ocrx_word' id='word_1_95' title='bbox 212 1833 322 1902; x_wconf 88' lang='lat' dir='ltr'>nultus</span> <span class='ocrx_word' id='word_1_96' title='bbox 343 1840 450 1901; x_wconf 92' lang='lat' dir='ltr'>autem</span> <span class='ocrx_word' id='word_1_97' title='bbox 478 1835 544 1902; x_wconf 86' lang='lat' dir='ltr'>soto</span> <span class='ocrx_word' id='word_1_98' title='bbox 567 1834 667 1920; x_wconf 90' lang='lat' dir='ltr'>plebis</span> <span class='ocrx_word' id='word_1_99' title='bbox 689 1852 819 1902; x_wconf 89' lang='lat' dir='ltr'>assensu</span> <span class='ocrx_word' id='word_1_100' title='bbox 843 1840 977 1902; x_wconf 88' lang='lat' dir='ltr'>creatus.</span> <span class='ocrx_word' id='word_1_101' title='bbox 1002 1835 1156 1920; x_wconf 83' lang='lat' dir='ltr'>Quocirca</span> <span class='ocrx_word' id='word_1_102' title='bbox 1178 1835 1253 1903; x_wconf 93' lang='lat' dir='ltr'>dnm</span> <span class='ocrx_word' id='word_1_103' title='bbox 1277 1835 1329 1903; x_wconf 91' lang='lat' dir='ltr'>hic</span> 
     </span>
     <span class='ocr_line' id='line_1_14' title="bbox 104 1938 1330 2028; baseline 0.002 -22"><span class='ocrx_word' id='word_1_104' title='bbox 104 1938 268 2007; x_wconf 84' lang='lat' dir='ltr'>admittere</span> <span class='ocrx_word' id='word_1_105' title='bbox 296 1939 454 2022; x_wconf 84' lang='lat' dir='ltr'>videmini,</span> <span class='ocrx_word' id='word_1_106' title='bbox 477 1941 600 2028; x_wconf 84' lang='lat' dir='ltr'>aliquos</span> <span class='ocrx_word' id='word_1_107' title='bbox 630 1940 806 2009; x_wconf 87' lang='lat' dir='ltr'>sacerdotes</span> <span class='ocrx_word' id='word_1_108' title='bbox 835 1941 966 2026; x_wconf 86' lang='lat' dir='ltr'>aPapis</span> <span class='ocrx_word' id='word_1_109' title='bbox 988 1947 1044 2008; x_wconf 90' lang='lat' dir='ltr'>aut</span> <span class='ocrx_word' id='word_1_110' title='bbox 1074 1941 1212 2009; x_wconf 81' lang='lat' dir='ltr'>Romano</span> <span class='ocrx_word' id='word_1_111' title='bbox 1241 1958 1330 2009; x_wconf 90' lang='lat' dir='ltr'>more</span> 
     </span>
     <span class='ocr_line' id='line_1_15' title="bbox 105 2047 1330 2128; baseline 0.003 -17"><span class='ocrx_word' id='word_1_112' title='bbox 105 2055 302 2114; x_wconf 86' lang='lat' dir='ltr'>consecratos</span> <span class='ocrx_word' id='word_1_113' title='bbox 322 2063 392 2114; x_wconf 89' lang='lat' dir='ltr'>csse</span> <span class='ocrx_word' id='word_1_114' title='bbox 414 2065 507 2114; x_wconf 86' lang='lat' dir='ltr'>veros</span> <span class='ocrx_word' id='word_1_115' title='bbox 528 2047 643 2114; x_wconf 88' lang='lat' dir='ltr'>Christi</span> <span class='ocrx_word' id='word_1_116' title='bbox 679 2047 867 2128; x_wconf 73' lang='lat' dir='ltr'>sacerdotes</span> <span class='ocrx_word' id='word_1_117' title='bbox 891 2065 994 2115; x_wconf 89' lang='lat' dir='ltr'>nonno</span> <span class='ocrx_word' id='word_1_118' title='bbox 1018 2047 1134 2115; x_wconf 89' lang='lat' dir='ltr'>iterum</span> <span class='ocrx_word' id='word_1_119' title='bbox 1167 2048 1217 2115; x_wconf 93' lang='lat' dir='ltr'>bic</span> <span class='ocrx_word' id='word_1_120' title='bbox 1241 2047 1330 2116; x_wconf 88' lang='lat' dir='ltr'>vobis</span> 
     </span>
     <span class='ocr_line' id='line_1_16' title="bbox 105 2150 1330 2238; baseline 0.004 -21"><span class='ocrx_word' id='word_1_121' title='bbox 105 2150 180 2219; x_wconf 91' lang='lat' dir='ltr'>adeo</span> <span class='ocrx_word' id='word_1_122' title='bbox 203 2170 316 2238; x_wconf 90' lang='lat' dir='ltr'>parum</span> <span class='ocrx_word' id='word_1_123' title='bbox 339 2153 555 2221; x_wconf 89' lang='lat' dir='ltr'>constantibus</span> <span class='ocrx_word' id='word_1_124' title='bbox 569 2153 726 2221; x_wconf 89' lang='lat' dir='ltr'>obiectare</span> <span class='ocrx_word' id='word_1_125' title='bbox 750 2153 853 2222; x_wconf 88' lang='lat' dir='ltr'>iicebit</span> <span class='ocrx_word' id='word_1_126' title='bbox 869 2171 995 2222; x_wconf 89' lang='lat' dir='ltr'>carmen</span> <span class='ocrx_word' id='word_1_127' title='bbox 1020 2154 1221 2222; x_wconf 84' lang='lat' dir='ltr'>Horatianum</span> <span class='ocrx_word' id='word_1_128' title='bbox 1239 2153 1330 2222; x_wconf 89' lang='lat' dir='ltr'>toties</span> 
     </span>
     <span class='ocr_line' id='line_1_17' title="bbox 107 2259 1329 2345; baseline 0.003 -21"><span class='ocrx_word' id='word_1_129' title='bbox 107 2259 291 2344; x_wconf 87' lang='lat' dir='ltr'>repetitum:</span> <span class='ocrx_word' id='word_1_130' title='bbox 315 2260 384 2345; x_wconf 86' lang='lat' dir='ltr'>Quo</span> <span class='ocrx_word' id='word_1_131' title='bbox 407 2266 528 2328; x_wconf 88' lang='lat' dir='ltr'>teneam</span> <span class='ocrx_word' id='word_1_132' title='bbox 559 2259 641 2327; x_wconf 93' lang='lat' dir='ltr'>nodo</span> <span class='ocrx_word' id='word_1_133' title='bbox 672 2266 845 2328; x_wconf 91' lang='lat' dir='ltr'>mutantem</span> <span class='ocrx_word' id='word_1_134' title='bbox 878 2261 987 2328; x_wconf 85' lang='lat' dir='ltr'>Protea</span> <span class='ocrx_word' id='word_1_135' title='bbox 1010 2261 1158 2328; x_wconf 81' lang='lat' dir='ltr'>vuirunt</span> <span class='ocrx_word' id='word_1_136' title='bbox 1190 2260 1329 2328; x_wconf 81' lang='lat' dir='ltr'>maxime</span> 
     </span>
     <span class='ocr_line' id='line_1_18' title="bbox 108 2365 1329 2450; baseline 0.001 -18"><span class='ocrx_word' id='word_1_137' title='bbox 108 2365 189 2450; x_wconf 87' lang='lat' dir='ltr'>qnod</span> <span class='ocrx_word' id='word_1_138' title='bbox 218 2365 358 2433; x_wconf 91' lang='lat' dir='ltr'>nondum</span> <span class='ocrx_word' id='word_1_139' title='bbox 389 2365 507 2445; x_wconf 86' lang='lat' dir='ltr'>audiri,</span> <span class='ocrx_word' id='word_1_140' title='bbox 528 2367 706 2434; x_wconf 87' lang='lat' dir='ltr'>sacerdotes</span> <span class='ocrx_word' id='word_1_141' title='bbox 736 2375 859 2434; x_wconf 89' lang='lat' dir='ltr'>nostros</span> <span class='ocrx_word' id='word_1_142' title='bbox 882 2367 913 2434; x_wconf 92' lang='lat' dir='ltr'>in</span> <span class='ocrx_word' id='word_1_143' title='bbox 938 2375 1039 2436; x_wconf 90' lang='lat' dir='ltr'>castra</span> <span class='ocrx_word' id='word_1_144' title='bbox 1065 2374 1168 2436; x_wconf 88' lang='lat' dir='ltr'>vestra</span> <span class='ocrx_word' id='word_1_145' title='bbox 1191 2365 1329 2434; x_wconf 82' lang='lat' dir='ltr'>transtu-</span> 
     </span>
     <span class='ocr_line' id='line_1_19' title="bbox 106 2472 1330 2560; baseline 0 -20"><span class='ocrx_word' id='word_1_146' title='bbox 106 2472 233 2557; x_wconf 79' lang='lat' dir='ltr'>gientes,</span> <span class='ocrx_word' id='word_1_147' title='bbox 257 2481 442 2559; x_wconf 82' lang='lat' dir='ltr'>exspectare</span> <span class='ocrx_word' id='word_1_148' title='bbox 466 2472 571 2560; x_wconf 84' lang='lat' dir='ltr'>popuii</span> <span class='ocrx_word' id='word_1_149' title='bbox 596 2473 755 2560; x_wconf 79' lang='lat' dir='ltr'>suffragia,</span> <span class='ocrx_word' id='word_1_150' title='bbox 780 2474 964 2560; x_wconf 84' lang='lat' dir='ltr'>priusquam</span> <span class='ocrx_word' id='word_1_151' title='bbox 996 2473 1188 2542; x_wconf 88' lang='lat' dir='ltr'>sacerdotate</span> <span class='ocrx_word' id='word_1_152' title='bbox 1211 2491 1330 2541; x_wconf 92' lang='lat' dir='ltr'>monos</span> 
     </span>
     <span class='ocr_line' id='line_1_20' title="bbox 106 2577 1328 2666; baseline -0.001 -22"><span class='ocrx_word' id='word_1_153' title='bbox 106 2577 225 2647; x_wconf 92' lang='lat' dir='ltr'>obeant.</span> <span class='ocrx_word' id='word_1_154' title='bbox 251 2577 312 2646; x_wconf 88' lang='lat' dir='ltr'>lam</span> <span class='ocrx_word' id='word_1_155' title='bbox 338 2596 413 2646; x_wconf 84' lang='lat' dir='ltr'>uero</span> <span class='ocrx_word' id='word_1_156' title='bbox 435 2578 520 2666; x_wconf 83' lang='lat' dir='ltr'>quod</span> <span class='ocrx_word' id='word_1_157' title='bbox 543 2578 665 2658; x_wconf 89' lang='lat' dir='ltr'>additis,</span> <span class='ocrx_word' id='word_1_158' title='bbox 690 2579 858 2646; x_wconf 83' lang='lat' dir='ltr'>maximam</span> <span class='ocrx_word' id='word_1_159' title='bbox 889 2577 1008 2665; x_wconf 81' lang='lat' dir='ltr'>partem</span> <span class='ocrx_word' id='word_1_160' title='bbox 1033 2579 1242 2659; x_wconf 87' lang='lat' dir='ltr'>sacerdotum,</span> <span class='ocrx_word' id='word_1_161' title='bbox 1274 2577 1328 2665; x_wconf 89' lang='lat' dir='ltr'>qui</span> 
     </span>
     <span class='ocr_line' id='line_1_21' title="bbox 106 2685 1329 2772; baseline 0 -21"><span class='ocrx_word' id='word_1_162' title='bbox 106 2685 235 2770; x_wconf 81' lang='lat' dir='ltr'>aPapis</span> <span class='ocrx_word' id='word_1_163' title='bbox 258 2685 354 2752; x_wconf 87' lang='lat' dir='ltr'>creati</span> <span class='ocrx_word' id='word_1_164' title='bbox 378 2691 463 2764; x_wconf 90' lang='lat' dir='ltr'>sunt,</span> <span class='ocrx_word' id='word_1_165' title='bbox 488 2703 522 2754; x_wconf 91' lang='lat' dir='ltr'>re</span> <span class='ocrx_word' id='word_1_166' title='bbox 545 2685 612 2771; x_wconf 87' lang='lat' dir='ltr'>ipsa</span> <span class='ocrx_word' id='word_1_167' title='bbox 635 2685 754 2765; x_wconf 89' lang='lat' dir='ltr'>testari,</span> <span class='ocrx_word' id='word_1_168' title='bbox 778 2704 812 2753; x_wconf 91' lang='lat' dir='ltr'>se</span> <span class='ocrx_word' id='word_1_169' title='bbox 834 2685 913 2752; x_wconf 86' lang='lat' dir='ltr'>nihil</span> <span class='ocrx_word' id='word_1_170' title='bbox 936 2685 1042 2753; x_wconf 93' lang='lat' dir='ltr'>minus</span> <span class='ocrx_word' id='word_1_171' title='bbox 1064 2703 1252 2772; x_wconf 77' lang='lat' dir='ltr'>essequam</span> <span class='ocrx_word' id='word_1_172' title='bbox 1277 2702 1329 2752; x_wconf 86' lang='lat' dir='ltr'>ve·</span> 
     </span>
     <span class='ocr_line' id='line_1_22' title="bbox 107 2790 1330 2872; baseline 0 -14"><span class='ocrx_word' id='word_1_173' title='bbox 107 2808 155 2858; x_wconf 88' lang='lat' dir='ltr'>ros</span> <span class='ocrx_word' id='word_1_174' title='bbox 177 2790 295 2858; x_wconf 86' lang='lat' dir='ltr'>Christi</span> <span class='ocrx_word' id='word_1_175' title='bbox 319 2791 514 2860; x_wconf 86' lang='lat' dir='ltr'>sacerdotes:</span> <span class='ocrx_word' id='word_1_176' title='bbox 538 2830 582 2842; x_wconf 92' lang='lat'>-</span> <span class='ocrx_word' id='word_1_177' title='bbox 605 2792 630 2860; x_wconf 90' lang='lat' dir='ltr'>si</span> <span class='ocrx_word' id='word_1_178' title='bbox 654 2811 691 2860; x_wconf 90' lang='lat' dir='ltr'>ea</span> <span class='ocrx_word' id='word_1_179' title='bbox 713 2793 766 2860; x_wconf 92' lang='lat' dir='ltr'>hic</span> <span class='ocrx_word' id='word_1_180' title='bbox 781 2810 870 2860; x_wconf 90' lang='lat' dir='ltr'>mens</span> <span class='ocrx_word' id='word_1_181' title='bbox 893 2800 998 2860; x_wconf 86' lang='lat' dir='ltr'>vestra</span> <span class='ocrx_word' id='word_1_182' title='bbox 1017 2793 1067 2872; x_wconf 90' lang='lat' dir='ltr'>sit,</span> <span class='ocrx_word' id='word_1_183' title='bbox 1083 2797 1120 2860; x_wconf 91' lang='lat' dir='ltr'>ot</span> <span class='ocrx_word' id='word_1_184' title='bbox 1142 2793 1209 2859; x_wconf 88' lang='lat' dir='ltr'>istis</span> <span class='ocrx_word' id='word_1_185' title='bbox 1225 2791 1330 2860; x_wconf 84' lang='lat' dir='ltr'>verbis</span> 
     </span>
     <span class='ocr_line' id='line_1_23' title="bbox 106 2895 1329 2985; baseline 0.001 -22"><span class='ocrx_word' id='word_1_186' title='bbox 106 2897 202 2983; x_wconf 83' lang='lat' dir='ltr'>ipsam</span> <span class='ocrx_word' id='word_1_187' title='bbox 233 2897 398 2965; x_wconf 88' lang='lat' dir='ltr'>sacerdotii</span> <span class='ocrx_word' id='word_1_188' title='bbox 430 2905 614 2984; x_wconf 89' lang='lat' dir='ltr'>potestatem</span> <span class='ocrx_word' id='word_1_189' title='bbox 646 2899 691 2967; x_wconf 89' lang='lat' dir='ltr'>eis</span> <span class='ocrx_word' id='word_1_190' title='bbox 721 2899 896 2985; x_wconf 90' lang='lat' dir='ltr'>ademptam</span> <span class='ocrx_word' id='word_1_191' title='bbox 928 2898 1041 2977; x_wconf 88' lang='lat' dir='ltr'>vetitis,</span> <span class='ocrx_word' id='word_1_192' title='bbox 1064 2895 1154 2983; x_wconf 82' lang='lat'>(160)</span> <span class='ocrx_word' id='word_1_193' title='bbox 1181 2897 1329 2965; x_wconf 92' lang='lat' dir='ltr'>omnibus</span> 
     </span>
     <span class='ocr_line' id='line_1_24' title="bbox 106 3002 1329 3092; baseline 0.001 -21"><span class='ocrx_word' id='word_1_194' title='bbox 106 3004 205 3073; x_wconf 90' lang='lat' dir='ltr'>modis</span> <span class='ocrx_word' id='word_1_195' title='bbox 228 3003 437 3091; x_wconf 78' lang='lat' dir='ltr'>refragamur.</span> <span class='ocrx_word' id='word_1_196' title='bbox 463 3003 504 3070; x_wconf 87' lang='lat' dir='ltr'>Ea</span> <span class='ocrx_word' id='word_1_197' title='bbox 526 3005 610 3072; x_wconf 89' lang='lat' dir='ltr'>enim</span> <span class='ocrx_word' id='word_1_198' title='bbox 634 3013 724 3074; x_wconf 85' lang='lat' dir='ltr'>vetos</span> <span class='ocrx_word' id='word_1_199' title='bbox 747 3011 849 3073; x_wconf 90' lang='lat' dir='ltr'>estet</span> <span class='ocrx_word' id='word_1_200' title='bbox 871 3005 1018 3092; x_wconf 80' lang='lat' dir='ltr'>pestifera</span> <span class='ocrx_word' id='word_1_201' title='bbox 1042 3003 1180 3072; x_wconf 88' lang='lat' dir='ltr'>haeresis</span> <span class='ocrx_word' id='word_1_202' title='bbox 1197 3002 1329 3072; x_wconf 84' lang='lat' dir='ltr'>Vatden·</span> 
     </span>
     <span class='ocr_line' id='line_1_25' title="bbox 106 3109 1330 3197; baseline -0.001 -20"><span class='ocrx_word' id='word_1_203' title='bbox 106 3111 198 3190; x_wconf 88' lang='lat' dir='ltr'>sium,</span> <span class='ocrx_word' id='word_1_204' title='bbox 222 3109 451 3178; x_wconf 85' lang='lat' dir='ltr'>Vicievirorum</span> <span class='ocrx_word' id='word_1_205' title='bbox 475 3117 506 3178; x_wconf 92' lang='lat' dir='ltr'>et</span> <span class='ocrx_word' id='word_1_206' title='bbox 529 3111 766 3191; x_wconf 87' lang='lat' dir='ltr'>Hossianornm,</span> <span class='ocrx_word' id='word_1_207' title='bbox 786 3111 841 3197; x_wconf 90' lang='lat' dir='ltr'>qni</span> <span class='ocrx_word' id='word_1_208' title='bbox 856 3110 1045 3190; x_wconf 91' lang='lat' dir='ltr'>docuerunt,</span> <span class='ocrx_word' id='word_1_209' title='bbox 1061 3109 1260 3197; x_wconf 88' lang='lat' dir='ltr'>improbitate</span> <span class='ocrx_word' id='word_1_210' title='bbox 1275 3110 1330 3177; x_wconf 92' lang='lat' dir='ltr'>mi·</span> 
     </span>
     <span class='ocr_line' id='line_1_26' title="bbox 105 3217 1329 3302; baseline -0.001 -18"><span class='ocrx_word' id='word_1_211' title='bbox 105 3217 278 3286; x_wconf 89' lang='lat' dir='ltr'>nistrornm</span> <span class='ocrx_word' id='word_1_212' title='bbox 302 3217 419 3284; x_wconf 89' lang='lat' dir='ltr'>cassari</span> <span class='ocrx_word' id='word_1_213' title='bbox 441 3217 504 3284; x_wconf 86' lang='lat' dir='ltr'>rim</span> <span class='ocrx_word' id='word_1_214' title='bbox 527 3224 560 3285; x_wconf 88' lang='lat' dir='ltr'>et</span> <span class='ocrx_word' id='word_1_215' title='bbox 590 3217 759 3285; x_wconf 87' lang='lat' dir='ltr'>efficaciam</span> <span class='ocrx_word' id='word_1_216' title='bbox 784 3223 1064 3296; x_wconf 91' lang='lat' dir='ltr'>sacramentorum,</span> <span class='ocrx_word' id='word_1_217' title='bbox 1095 3217 1257 3302; x_wconf 86' lang='lat' dir='ltr'>malosque</span> <span class='ocrx_word' id='word_1_218' title='bbox 1281 3234 1329 3283; x_wconf 92' lang='lat' dir='ltr'>sa-</span> 
     </span>
     <span class='ocr_line' id='line_1_27' title="bbox 106 3321 1329 3409; baseline 0 -19"><span class='ocrx_word' id='word_1_219' title='bbox 106 3323 247 3392; x_wconf 88' lang='lat' dir='ltr'>cerdotes</span> <span class='ocrx_word' id='word_1_220' title='bbox 269 3322 300 3390; x_wconf 90' lang='lat' dir='ltr'>in</span> <span class='ocrx_word' id='word_1_221' title='bbox 316 3321 616 3391; x_wconf 70' lang='lat' dir='ltr'>administratione*</span> <span class='ocrx_word' id='word_1_222' title='bbox 639 3331 908 3392; x_wconf 86' lang='lat' dir='ltr'>sacramentorum</span> <span class='ocrx_word' id='word_1_223' title='bbox 925 3323 1049 3390; x_wconf 86' lang='lat' dir='ltr'>efficere</span> <span class='ocrx_word' id='word_1_224' title='bbox 1072 3322 1161 3390; x_wconf 85' lang='lat' dir='ltr'>nihii.</span> <span class='ocrx_word' id='word_1_225' title='bbox 1178 3324 1214 3390; x_wconf 87' lang='lat' dir='ltr'>tt</span> <span class='ocrx_word' id='word_1_226' title='bbox 1229 3330 1329 3409; x_wconf 88' lang='lat' dir='ltr'>quan-</span> 
     </span>
     <span class='ocr_line' id='line_1_28' title="bbox 106 3427 1330 3517; baseline -0.002 -19"><span class='ocrx_word' id='word_1_227' title='bbox 106 3447 198 3517; x_wconf 84' lang='lat' dir='ltr'>quam</span> <span class='ocrx_word' id='word_1_228' title='bbox 222 3430 255 3498; x_wconf 90' lang='lat' dir='ltr'>in</span> <span class='ocrx_word' id='word_1_229' title='bbox 278 3429 348 3498; x_wconf 91' lang='lat' dir='ltr'>aliis</span> <span class='ocrx_word' id='word_1_230' title='bbox 370 3431 530 3517; x_wconf 89' lang='lat' dir='ltr'>plerisque</span> <span class='ocrx_word' id='word_1_231' title='bbox 555 3431 615 3498; x_wconf 89' lang='lat' dir='ltr'>iltis</span> <span class='ocrx_word' id='word_1_232' title='bbox 637 3431 842 3511; x_wconf 86' lang='lat' dir='ltr'>assentimini,</span> <span class='ocrx_word' id='word_1_233' title='bbox 866 3437 969 3498; x_wconf 68' lang='lat' dir='ltr'>nmen</span> <span class='ocrx_word' id='word_1_234' title='bbox 993 3437 1030 3497; x_wconf 93' lang='lat' dir='ltr'>nt</span> <span class='ocrx_word' id='word_1_235' title='bbox 1045 3427 1122 3496; x_wconf 87' lang='lat' dir='ltr'>nntti</span> <span class='ocrx_word' id='word_1_236' title='bbox 1147 3429 1330 3515; x_wconf 87' lang='lat' dir='ltr'>peremnia</span> 
     </span>
     <span class='ocr_line' id='line_1_29' title="bbox 106 3535 1330 3618; baseline -0.002 -14"><span class='ocrx_word' id='word_1_237' title='bbox 106 3537 253 3606; x_wconf 90' lang='lat' dir='ltr'>haeretici</span> <span class='ocrx_word' id='word_1_238' title='bbox 277 3537 478 3618; x_wconf 81' lang='lat' dir='ltr'>conveniunt,</span> <span class='ocrx_word' id='word_1_239' title='bbox 503 3537 545 3604; x_wconf 92' lang='lat' dir='ltr'>ita</span> <span class='ocrx_word' id='word_1_240' title='bbox 567 3537 619 3606; x_wconf 90' lang='lat' dir='ltr'>hic</span> <span class='ocrx_word' id='word_1_241' title='bbox 635 3537 675 3605; x_wconf 89' lang='lat' dir='ltr'>ab</span> <span class='ocrx_word' id='word_1_242' title='bbox 698 3537 743 3606; x_wconf 89' lang='lat' dir='ltr'>eis</span> <span class='ocrx_word' id='word_1_243' title='bbox 757 3537 923 3616; x_wconf 90' lang='lat' dir='ltr'>dissidetis,</span> <span class='ocrx_word' id='word_1_244' title='bbox 948 3554 1005 3605; x_wconf 89' lang='lat' dir='ltr'>uec</span> <span class='ocrx_word' id='word_1_245' title='bbox 1028 3537 1060 3603; x_wconf 94' lang='lat' dir='ltr'>iu</span> <span class='ocrx_word' id='word_1_246' title='bbox 1075 3553 1186 3604; x_wconf 92' lang='lat' dir='ltr'>eornm</span> <span class='ocrx_word' id='word_1_247' title='bbox 1203 3535 1330 3603; x_wconf 94' lang='lat' dir='ltr'>omnino</span> 
     </span>
     <span class='ocr_line' id='line_1_30' title="bbox 106 3643 1330 3731; baseline -0.002 -18"><span class='ocrx_word' id='word_1_248' title='bbox 106 3644 289 3713; x_wconf 88' lang='lat' dir='ltr'>sententiam</span> <span class='ocrx_word' id='word_1_249' title='bbox 313 3644 360 3712; x_wconf 91' lang='lat' dir='ltr'>ire</span> <span class='ocrx_word' id='word_1_250' title='bbox 383 3645 522 3731; x_wconf 88' lang='lat' dir='ltr'>potestis,</span> <span class='ocrx_word' id='word_1_251' title='bbox 546 3644 672 3731; x_wconf 85' lang='lat' dir='ltr'>quando</span> <span class='ocrx_word' id='word_1_252' title='bbox 694 3644 868 3712; x_wconf 91' lang='lat' dir='ltr'>secundum</span> <span class='ocrx_word' id='word_1_253' title='bbox 895 3651 999 3711; x_wconf 86' lang='lat' dir='ltr'>restra</span> <span class='ocrx_word' id='word_1_254' title='bbox 1033 3643 1193 3730; x_wconf 82' lang='lat' dir='ltr'>paradoxa</span> <span class='ocrx_word' id='word_1_255' title='bbox 1220 3659 1330 3710; x_wconf 77' lang='lat' dir='ltr'>omues</span> 
     </span>
     <span class='ocr_line' id='line_1_31' title="bbox 106 3747 1329 3837; baseline -0.003 -19"><span class='ocrx_word' id='word_1_256' title='bbox 106 3751 273 3818; x_wconf 85' lang='lat' dir='ltr'>Christiani</span> <span class='ocrx_word' id='word_1_257' title='bbox 297 3749 466 3837; x_wconf 86' lang='lat' dir='ltr'>utriusque</span> <span class='ocrx_word' id='word_1_258' title='bbox 489 3767 597 3830; x_wconf 74' lang='lat' dir='ltr'>seruc,</span> <span class='ocrx_word' id='word_1_259' title='bbox 621 3750 839 3837; x_wconf 85' lang='lat' dir='ltr'>cuiuscunque</span> <span class='ocrx_word' id='word_1_260' title='bbox 863 3751 912 3818; x_wconf 84' lang='lat' dir='ltr'>rel</span> <span class='ocrx_word' id='word_1_261' title='bbox 935 3751 1045 3818; x_wconf 88' lang='lat' dir='ltr'>aetatis</span> <span class='ocrx_word' id='word_1_262' title='bbox 1069 3749 1118 3816; x_wconf 84' lang='lat' dir='ltr'>ret</span> <span class='ocrx_word' id='word_1_263' title='bbox 1133 3747 1329 3828; x_wconf 90' lang='lat' dir='ltr'>conditionis,</span> 
     </span>
     <span class='ocr_line' id='line_1_32' title="bbox 106 3855 1330 3944; baseline -0.002 -19"><span class='ocrx_word' id='word_1_264' title='bbox 106 3875 144 3924; x_wconf 84' lang='lat' dir='ltr'>ex</span> <span class='ocrx_word' id='word_1_265' title='bbox 168 3857 325 3943; x_wconf 91' lang='lat' dir='ltr'>baptismo</span> <span class='ocrx_word' id='word_1_266' title='bbox 347 3875 449 3944; x_wconf 89' lang='lat' dir='ltr'>aequa</span> <span class='ocrx_word' id='word_1_267' title='bbox 471 3864 623 3944; x_wconf 89' lang='lat' dir='ltr'>potestate</span> <span class='ocrx_word' id='word_1_268' title='bbox 639 3857 770 3943; x_wconf 90' lang='lat' dir='ltr'>praediti</span> <span class='ocrx_word' id='word_1_269' title='bbox 787 3865 870 3925; x_wconf 90' lang='lat' dir='ltr'>sunt.</span> <span class='ocrx_word' id='word_1_270' title='bbox 888 3857 940 3924; x_wconf 88' lang='lat' dir='ltr'>Sin</span> <span class='ocrx_word' id='word_1_271' title='bbox 965 3875 1040 3924; x_wconf 87' lang='lat' dir='ltr'>vero</span> <span class='ocrx_word' id='word_1_272' title='bbox 1062 3875 1100 3924; x_wconf 93' lang='lat' dir='ltr'>eo</span> <span class='ocrx_word' id='word_1_273' title='bbox 1123 3855 1185 3923; x_wconf 93' lang='lat' dir='ltr'>sint</span> <span class='ocrx_word' id='word_1_274' title='bbox 1207 3855 1330 3922; x_wconf 82' lang='lat' dir='ltr'>arobis</span> 
     </span>
     <span class='ocr_line' id='line_1_33' title="bbox 106 3961 1329 4042; baseline -0.002 -12"><span class='ocrx_word' id='word_1_275' title='bbox 106 3965 209 4032; x_wconf 89' lang='lat' dir='ltr'>animo</span> <span class='ocrx_word' id='word_1_276' title='bbox 231 3963 325 4042; x_wconf 91' lang='lat' dir='ltr'>dicta,</span> <span class='ocrx_word' id='word_1_277' title='bbox 348 3971 385 4031; x_wconf 90' lang='lat' dir='ltr'>ut</span> <span class='ocrx_word' id='word_1_278' title='bbox 407 3963 548 4032; x_wconf 91' lang='lat' dir='ltr'>oratione</span> <span class='ocrx_word' id='word_1_279' title='bbox 572 3964 631 4032; x_wconf 87' lang='lat' dir='ltr'>ista</span> <span class='ocrx_word' id='word_1_280' title='bbox 646 3971 678 4032; x_wconf 91' lang='lat' dir='ltr'>et</span> <span class='ocrx_word' id='word_1_281' title='bbox 693 3964 887 4032; x_wconf 90' lang='lat' dir='ltr'>honestatem</span> <span class='ocrx_word' id='word_1_282' title='bbox 904 3969 937 4030; x_wconf 92' lang='lat' dir='ltr'>et</span> <span class='ocrx_word' id='word_1_283' title='bbox 951 3963 1125 4030; x_wconf 89' lang='lat' dir='ltr'>doctrinam</span> <span class='ocrx_word' id='word_1_284' title='bbox 1150 3980 1224 4030; x_wconf 85' lang='lat' dir='ltr'>rero</span> <span class='ocrx_word' id='word_1_285' title='bbox 1239 3961 1329 4028; x_wconf 89' lang='lat' dir='ltr'>Chri-</span> 
     </span>
     <span class='ocr_line' id='line_1_34' title="bbox 106 4069 1330 4157; baseline -0.004 -18"><span class='ocrx_word' id='word_1_286' title='bbox 106 4072 142 4139; x_wconf 89' lang='lat' dir='ltr'>sti</span> <span class='ocrx_word' id='word_1_287' title='bbox 174 4069 336 4140; x_wconf 86' lang='lat' dir='ltr'>sacerdote</span> <span class='ocrx_word' id='word_1_288' title='bbox 366 4070 491 4157; x_wconf 83' lang='lat' dir='ltr'>dignam</span> <span class='ocrx_word' id='word_1_289' title='bbox 517 4071 618 4139; x_wconf 87' lang='lat' dir='ltr'>vetitis</span> <span class='ocrx_word' id='word_1_290' title='bbox 646 4071 833 4156; x_wconf 87' lang='lat' dir='ltr'>ademptam,</span> <span class='ocrx_word' id='word_1_291' title='bbox 866 4069 1004 4156; x_wconf 83' lang='lat' dir='ltr'>protecto</span> <span class='ocrx_word' id='word_1_292' title='bbox 1028 4088 1089 4137; x_wconf 93' lang='lat' dir='ltr'>non</span> <span class='ocrx_word' id='word_1_293' title='bbox 1121 4071 1187 4138; x_wconf 91' lang='lat' dir='ltr'>sine</span> <span class='ocrx_word' id='word_1_294' title='bbox 1219 4086 1330 4154; x_wconf 82' lang='lat' dir='ltr'>magno</span> 
     </span>
    </p>
   </div>
   <div class='ocr_carea' id='block_1_5' title="bbox 168 4202 436 4251">
    <p class='ocr_par' dir='ltr' id='par_1_5' title="bbox 168 4202 436 4251">
     <span class='ocr_line' id='line_1_35' title="bbox 168 4202 436 4251; baseline -0.004 0"><span class='ocrx_word' id='word_1_295' title='bbox 168 4203 179 4226; x_wconf 78' lang='lat'>⁸</span> <span class='ocrx_word' id='word_1_296' title='bbox 195 4202 436 4251; x_wconf 71' lang='lat' dir='ltr'>adminirtrntionem.</span> 
     </span>
    </p>
   </div>
   <div class='ocr_carea' id='block_1_6' title="bbox 177 4427 270 4573">
    <p class='ocr_par' dir='ltr' id='par_1_6' title="bbox 177 4427 270 4573">
     <span class='ocr_line' id='line_1_36' title="bbox 177 4427 268 4482; baseline 0.011 -1"><span class='ocrx_word' id='word_1_297' title='bbox 177 4427 186 4460; x_wconf 87' lang='lat'><strong>¹</strong></span> <span class='ocrx_word' id='word_1_298' title='bbox 208 4427 268 4482; x_wconf 71' lang='lat' dir='ltr'>tid.</span> 
     </span>
     <span class='ocr_line' id='line_1_37' title="bbox 177 4515 270 4573; baseline 0.011 -2"><span class='ocrx_word' id='word_1_299' title='bbox 177 4515 189 4549; x_wconf 79' lang='lat'>⁸</span> <span class='ocrx_word' id='word_1_300' title='bbox 210 4519 270 4573; x_wconf 78' lang='lat' dir='ltr'>tte.</span> 
     </span>
    </p>
   </div>
   <div class='ocr_carea' id='block_1_7' title="bbox 0 0 1702 5096">
    <p class='ocr_par' dir='ltr' id='par_1_7' title="bbox 0 0 1702 5096">
     <span class='ocr_line' id='line_1_38' title="bbox 0 0 1702 5096; baseline 0 0"><span class='ocrx_word' id='word_1_301' title='bbox 0 0 1702 5096; x_wconf 95' lang='lat' dir='ltr'> </span> 
     </span>
    </p>
   </div>
  </div>
 </body>
</html>
