3364 5092
302 307 306 314 ·
356 277 419 343 lot
669 292 865 342 3333333313
889 294 1123 370 3333333333
1145 295 1263 344 uanior.

350 419 494 488 asseruit.
520 419 658 503 Longum
682 417 789 496 luerit,
814 419 863 502 pie
887 419 996 498 133133,
1013 419 1183 504 scripturis
1205 419 1367 505 explicare
1382 422 1506 487 omnia.
1537 415 1606 484 Sed

351 545 402 594 333
425 525 563 610 apertior
586 530 643 603 331,
667 542 762 610 qnam
787 533 823 590 ut
846 542 1010 592 necessum
1027 525 1076 592 sit.
1096 526 1212 593 Verum
1239 527 1316 593 mihi
1341 527 1463 594 interea
1478 523 1605 602 crede,

350 632 448 700 donec
472 631 521 698 his
544 631 713 716 qriicquam
736 631 896 698 obiectum
919 633 1145 717 acceperimus.
1170 633 1309 718 Quosfir,
1345 642 1381 700 ul
1402 631 1606 700 Christiana

350 747 382 808 el
406 738 588 824 Evangelica
613 737 741 805 libertas
764 738 893 823 intelligi
917 737 1040 818 debeat,
1073 757 1135 806 non
1168 738 1296 825 quidem
1327 739 1522 806 immunitas
1559 735 1606 802 ab

350 844 526 913 obedientia
548 845 763 928 superiorum,
787 863 849 910 non
871 845 912 912 ab
935 845 1154 912 obseruatione
1182 855 1422 932 praeceptorum
1455 862 1605 912 eorum·

350 951 433 1030 deun,
457 969 517 1017 non
542 951 677 1035 deniqne
700 950 740 1017 ab
767 951 921 1018 exercitio
944 951 1100 1018 bonorum
1132 970 1276 1038 operum,
1308 971 1391 1038 quae
1421 969 1602 1036 nusquam

350 1077 413 1126 non
438 1058 549 1124 333331
573 1075 679 1124 sacrae
703 1064 770 1124 lum
803 1057 1005 1143 Evangelicae
1029 1066 1096 1126 lum
1129 1059 1321 1144 hposlolicae
1356 1059 1476 1126 literae.
1503 1057 1603 1142 Quid

350 1166 433 1232 enim
458 1163 541 1231 aliud
566 1171 647 1230 esset
684 1164 856 1230 istiusmodi
890 1163 1027 1243 libertas,
1051 1183 1147 1248 quam
1180 1165 1378 1232 licentissime
1410 1165 1493 1232 uitae
1526 1163 1602 1230 dis-

350 1272 464 1338 solutio
487 1277 519 1338 el
541 1270 680 1336 omnium
705 1271 859 1336 scelerum
885 1270 1141 1357 flagitiorumque
1164 1273 1310 1338 33311333
1335 1272 1451 1338 Verum
1473 1289 1600 1338 exem-

194 1387 320 1488 1²0⁰0⁰r²i³i
351 1379 416 1464 plin
438 1396 457 1444 a
481 1385 617 1463 peccato,
641 1395 659 1442 3
684 1385 795 1456 morte,
818 1395 837 1442 3
859 1377 983 1444 diabolo
1005 1384 1037 1444 el
1060 1397 1079 1444 a
1102 1379 1169 1465 lege
1189 1379 1332 1458 lllosaica,
1355 1387 1452 1464 atque
1477 1385 1533 1459 (331
1562 1377 1597 1442 13

209 1472 215 1486 ’
272 1472 277 1486 ”
321 1477 326 1487 ’
351 1503 475 1552 summa
498 1485 700 1568 complectar)
727 1502 786 1550 non
810 1483 894 1550 aliud
919 1489 967 1550 est
989 1501 1084 1569 quam
1109 1485 1211 1571 gralia
1233 1485 1300 1552 sive
1322 1485 1472 1552 charitas.
1505 1484 1596 1550 Nam

351 1591 403 1658 ubi
429 1591 575 1669 ebaritas,
607 1589 647 1656 ibi
673 1589 803 1674 spiritns
825 1591 960 1670 domini;
984 1591 1037 1658 ubi
1067 1591 1199 1676 spiritus
1221 1592 1350 1670 domini,
1375 1591 1416 1658 ibi
1441 1592 1594 1658 libertas.

350 1698 492 1765 Charitas
511 1698 605 1775 enim,
622 1715 703 1782 qnae
720 1696 832 1764 3311331
854 1697 969 1774 omnia,
986 1698 1078 1764 eliam
1090 1699 1169 1783 olus
1191 1717 1286 1785 qnam
1304 1697 1499 1784 praecipitur
1517 1693 1595 1780 (68)

351 1805 436 1870 ultro
458 1803 532 1889 agit,
555 1822 615 1869 333
641 1803 806 1882 serviliter,
830 1809 862 1869 al
886 1803 1067 1883 liberaliter,
1090 1823 1152 1871 non
1179 1812 1265 1872 metu
1288 1805 1444 1890 artopticii,
1469 1805 1595 1870 31313-

352 1909 579 1987 13113333333;
604 1909 736 1994 ideoque
767 1909 950 1994 ubicunque
981 1910 1106 1977 landem
1134 1928 1171 1977 ea
1202 1911 1318 1989 133311,Ι
1342 1911 1384 1978 ibi
1415 1909 1502 1976 nulla
1538 1917 1595 1976 est

351 2015 934 2094 33333133113333331113133,333331
965 2017 1117 2094 anxietas,
1149 2017 1203 2084 sed
1232 2017 1419 2103 ingenuitas
1452 2035 1517 2102 pax
1554 2023 1591 2082 el

352 2124 480 2190 libertas
505 2121 652 2189 maxima.
670 2123 822 2206 Quocirca
844 2122 995 2208 quicquid
1013 2123 1157 2190 charitati
1183 2123 1458 2203 3333333333133,
1476 2139 1591 2209 neque

263 2240 327 2287 loo·
351 2229 485 2297 libertati
510 2230 703 2296 Christianae
726 2229 884 2296 adversari
903 2230 1077 2315 putandum
1101 2236 1150 2297 est
1168 2231 1187 2295 ¹.
1214 2230 1315 2308 Vides,
1339 2229 1517 2296 Christiane
1537 2230 1586 2296 le·

351 2344 429 2416 olor,
453 2357 518 2424 quo
540 2345 609 2402 asln
635 2335 683 2402 isti
708 2335 806 2420 angeli
832 2338 973 2414 Satanae,
990 2337 1134 2404 libertale
1150 2337 1280 2422 spiritus
1304 2335 1333 2402 13
1359 2335 1463 2402 carnis
1485 2335 1589 2403 11333-

350 2445 423 2511 tiam
451 2451 583 2521 ntenles,
607 2443 667 2509 snb
692 2443 815 2509 nomine
838 2443 991 2510 libertatis
1008 2443 1259 2521 inobedientiam,
1283 2442 1498 2521 rebellionem,
1516 2442 1589 2508 dis-

350 2551 486 2618 cordiam
504 2557 535 2617 et
550 2549 730 2616 seditionem
749 2550 867 2636 ubique
882 2549 1135 2616 disseminarunt.
1149 2550 1266 2616 Verum
1282 2549 1346 2616 dno
1362 2549 1586 2635 Apostolorum

350 2658 507 2743 principes
531 2657 592 2722 iam
616 2657 688 2722 olim
714 2658 791 2722 13333
815 2657 846 2722 13
870 2656 984 2740 spiritu
1009 2655 1237 2740 praecidentes,
1260 2655 1300 2721 ab
1317 2654 1496 2724 huiusmodi
1523 2671 1587 2720 nos

181 2772 330 2829 1331311.
350 2770 619 2865 praemonuerunt
643 2763 770 2830 insidiis.
788 2763 899 2829 Petrus
921 2763 1015 2842 enim,
1039 2780 1103 2847 333
1129 2763 1195 2829 1333
1218 2763 1277 2828 1333
1300 2768 1524 2847 argumentum
1542 2759 1584 2826 de

350 2869 523 2936 obedientia
556 2869 728 2936 maioribus
759 2868 863 2936 debita
896 2877 1017 2947 1333131,
1050 2869 1132 2936 13133
1163 2869 1240 2934 alia:
1278 2869 1452 2954 Tanquam
1484 2865 1586 2933 liberi

350 2983 459 3055 estole,
485 2977 595 3062 inquit,
620 2985 737 3042 31333
760 2975 861 3041 331311
882 2971 1583 3060 333333133313313331333331313311133313-

422 3243 431 3275 ¹
454 3247 489 3298 Do
508 3245 782 3298 11333131331331311333
802 3245 835 3298 113
849 3244 940 3298 scribit
960 3243 1126 3296 llorborneus
1139 3243 1164 3296 in
1178 3241 1257 3296 libro:
1277 3243 1329 3308 Eyn
1349 3243 1456 3294 hurtzer
1470 3239 1582 3306 berycht

351 3345 403 3387 333
424 3335 475 3388 333
495 3335 584 3388 333133
604 3333 999 3401 3331313333333333331131333...
1022 3333 1089 3385 1517
1110 3333 1139 3401 (C
1159 3335 1201 3400 hl:

427 3425 494 3477 «Die
514 3425 694 3488 133113311313
714 3425 762 3476 wir
781 3423 866 3478 haben
886 3425 940 3477 und
960 3424 1008 3477 333
1029 3423 1076 3476 wir
1101 3437 1151 3476 3333
1174 3421 1343 3487 gebranehen
1362 3419 1462 3484 sollten,
1487 3419 1522 3472 131
1545 3419 1581 3470 im

351 3515 421 3566 Gelsl
440 3515 559 3578 gelegen,
579 3515 629 3566 wie
648 3515 743 3566 Paulus
761 3520 833 3579 sagr:
853 3515 904 3566 Wo
923 3513 971 3567 333
989 3514 1060 3567 (13131
1075 3515 1165 3566 Gotles
1184 3512 1225 3575 ist,
1244 3510 1324 3563 33131
1340 3509 1503 3574 Frelheitffl.
1521 3507 1581 3561 Cor.

350 3604 376 3666 3,
397 3603 451 3670 17).
470 3604 512 3654 Sie
533 3603 564 3656 131
582 3605 648 3656 auch
668 3603 745 3656 dacin
764 3605 883 3668 gelegen,
904 3603 964 3656 dass
978 3603 1026 3655 3313
1045 3601 1193 3656 3313313133
1213 3601 1267 3654 333
1288 3597 1441 3652 3311333333
1460 3611 1515 3650 333
1528 3598 1592 3651 333-

351 3691 457 3744 Siinden
477 3691 529 3744 333
549 3692 597 3744 333
615 3693 715 3744 Gewalt
734 3693 781 3745 333
801 3693 906 3745 1331313
925 3693 1008 3746 durch
1028 3689 1170 3754 Christum,
1189 3690 1240 3742 wie
1258 3691 1325 3742 auch
1345 3685 1462 3740 Christus
1478 3686 1583 3750 anneigt

352 3780 396 3846 (lo.
417 3782 443 3844 8,
462 3781 523 3846 3613
542 3780 590 3834 1133
608 3779 664 3835 aeid
681 3779 742 3850 scel,
761 3795 791 3836 so
810 3781 877 3836 33313
896 3779 943 3836 333
963 3777 1259 3836 83133313333333131.
1278 3779 1352 3831 33313
1378 3777 1402 3828 13
1422 3775 1494 3839 dem,
1520 3775 1582 3828 dass

351 3869 400 3920 wir
420 3869 490 3921 313131
514 3870 570 3922 3133
592 3869 746 3923 3331333333
766 3886 796 3923 33
825 3871 872 3924 333
893 3869 1093 3935 Beschneldong
1112 3869 1167 3922 und
1192 3868 1243 3922 den
1267 3867 1443 3920 lleischllchen
1463 3865 1581 3918 Werlren

350 3957 398 4011 des
417 3959 563 4010 Gesetzes...
583 3961 645 4011 ltem
665 3961 742 4024 33313,
756 3960 817 4014 dass
830 3961 878 4012 3313
897 3961 941 4014 313
953 3961 1053 4013 Werlre
1071 3959 1127 4012 ond
1145 3960 1193 4012 3133
1206 3959 1305 4021 633313,
1318 3971 1348 4009 so
1367 3954 1494 4008 31313333
1512 3955 1580 4008 noch

350 4047 471 4113 schuldlg
490 4047 547 4100 sind
567 4063 598 4101 33
618 4049 712 4116 hulten,
732 4051 804 4104 313131
822 4053 886 4104 rhun
906 4051 986 4103 331133
1007 4065 1055 4102 333
1073 4051 1173 4116 Zwang
1201 4048 1256 4102 und
1274 4049 1377 4110 Furcht,
1396 4043 1510 4098 sondern
1534 4058 1582 4098 uos

351 4135 439 4200 Liebe,
458 4151 489 4189 zu
510 4138 624 4190 welches
643 4153 693 4191 uns
712 4140 857 4194 retrudor
876 4140 947 4193 Gaist
965 4142 1063 4204 Gottes,
1082 4139 1133 4193 333
1155 4153 1203 4192 333
1227 4137 1345 4192 Christus
1369 4131 1510 4188 erworben
1530 4136 1581 4198 het,

351 4226 404 4280 und
425 4225 472 4278 dor
492 4225 517 4278 in
537 4240 615 4280 unser
634 4228 700 4281 11333
719 4227 878 4295 iiberbiissig
897 4243 1029 4295 gegossen
1047 4230 1106 4282 ist...
1127 4225 1239 4282 Derhalb
1258 4227 1327 4280 donn
1346 4224 1441 4278 Paulos
1458 4224 1497 4275 311
1515 4229 1580 4288 sagt,

350 4315 394 4370 die
413 4313 491 4366 hlebe
511 4313 668 4369 beschllesse
688 4317 791 4370 333331
810 4319 852 4370 313
866 4318 1014 4371 1333331133
1033 4317 1133 4370 Gebote
1153 4315 1272 4383 (1.1133.
1287 4313 1358 4381 tu),
1377 4311 1431 4366 und
1445 4311 1507 4364 dass
1520 4311 1579 4365 dem

350 4403 495 4457 Gereohten
522 4403 584 4456 13313
611 4401 705 4458 Gesetz'
732 4409 855 4472 gemacht
882 4408 928 4471 soi,
953 4407 1067 4460 sondern
1097 4421 1126 4459 er
1153 4405 1190 4458 331
1218 4405 1273 4458 sloh
1303 4401 1390 4456 selber
1419 4401 1460 4454 eiu
1489 4401 1579 4454 Gcaetz

352 4493 388 4561 (l.
407 4493 475 4545 Tim.
499 4493 523 4558 l,
542 4492 578 4559 9).
