3390 5096
528 333 657 382 renatus
678 331 886 383 concnsssus.
1257 317 1319 383 165

84 465 128 523 tes
151 457 190 524 iu
214 457 376 526 doctrino
400 457 634 544 Apostolorum
657 467 688 524 ct
709 457 1016 536 communicatione,
1040 455 1206 544 fractione
1218 459 1321 544 ponis

83 563 365 631 elocutionibus.
390 565 459 648 Quo
483 565 514 630 in
539 564 606 631 loco
629 564 747 630 nullam
772 564 834 631 vini
859 564 1047 631 mentionem
1074 564 1141 631 lieri
1166 564 1319 633 videmus.

83 671 140 737 Sed
165 680 205 738 ut
230 671 326 738 etiam
352 671 400 738 vel
424 670 571 756 exemplo
596 670 642 737 vei
679 671 822 738 instituto
856 670 906 738 vel
937 677 1104 756 praecepto
1127 671 1241 739 Christi
1271 673 1321 739 vel

81 778 175 844 etiam
201 777 396 846 universalis
420 777 572 845 Ecclesiae
597 778 660 844 ritu
676 777 780 845 doceri
797 785 912 863 posset,
929 777 1136 844 ministratam
1152 777 1321 863 aliquando

83 883 169 951 laicis
193 893 371 971 utramque
396 884 492 951 huius
515 885 700 951 sacramenti
725 884 872 970 speciem,
896 902 1032 969 quorum
1056 883 1172 970 alioqui
1197 884 1319 950 nullum

83 1007 155 1057 rere
180 991 242 1058 liet
264 1009 405 1076 unquam
420 989 443 1070 ¹,
467 990 612 1076 quatrivis
630 991 659 1056 in
677 990 922 1075 particularibus
944 991 1064 1076 aliquot
1088 990 1232 1058 Ecclesiis
1246 1007 1320 1057 eum

79 1095 257 1180 aliquando
282 1113 402 1164 oaorem
427 1097 523 1163 luisse
548 1095 631 1162 haud
668 1095 798 1162 inficiari
832 1096 988 1181 possimus
1011 1131 1065 1174 -‚
1089 1113 1148 1162 cur
1173 1101 1239 1162 tum
1266 1096 1320 1164 Ec·

80 1203 175 1270 clesia
201 1203 297 1270 iustis
312 1222 330 1269 e
346 1203 449 1270 causis
472 1203 552 1270 citra
577 1202 641 1281 liei,
665 1203 850 1269 sacramenti
876 1211 907 1270 et
933 1201 1030 1287 plebis
1053 1202 1199 1269 iniuriam
1221 1202 1319 1269 ritum

80 1315 110 1374 el
135 1327 264 1376 morem
289 1327 361 1376 eum
386 1310 555 1376 immutare
578 1327 640 1375 non
666 1315 793 1394 posset?
816 1309 923 1375 Nonne
940 1308 970 1374 in
987 1308 1153 1394 baptismo,
1178 1324 1320 1375 summae

80 1415 282 1484 necessitatis
305 1423 512 1494 sacramento,
536 1415 687 1483 formam:
714 1415 752 1480 ln
776 1415 907 1481 nomino
937 1416 1062 1500 putris,
1085 1413 1150 1498 filli
1172 1424 1199 1482 ct
1222 1415 1321 1501 spiri·

81 1531 135 1585 tus
159 1523 288 1600 suncti,
311 1541 331 1588 a
354 1523 479 1588 Christo
495 1523 720 1607 praescriptam
740 1539 814 1586 mox
831 1540 850 1586 a
867 1520 1020 1606 principio
1036 1520 1231 1606 aliquamdiu
1248 1537 1319 1586 mu·

84 1627 172 1706 lauit,
198 1629 233 1694 in
257 1629 383 1696 nomiae
405 1627 520 1694 Christi
545 1628 741 1713 baptizans².
766 1628 873 1694 Nonne
897 1627 944 1693 vel
970 1628 1000 1693 in
1026 1628 1084 1694 iioc
1110 1627 1176 1712 ipso
1199 1627 1320 1694 Eucha-

83 1733 194 1801 ristiae
218 1743 415 1801 sacramento
440 1735 539 1800 multa
567 1735 687 1818 partim
720 1733 864 1811 instituit,
890 1733 1004 1818 partim
1029 1734 1184 1799 mutavitt
1213 1733 1319 1800 Nonne

84 1839 144 1905 alia
169 1841 275 1908 utitur
298 1842 400 1906 lorma
424 1841 454 1906 in
479 1840 712 1908 consecratione
736 1840 851 1917 calicis,
875 1857 969 1925 quam
1000 1841 1048 1907 uel
1073 1840 1158 1906 ullus
1183 1840 1320 1926 Evange-

85 1945 156 2012 lisia
181 1947 233 2014 vel
256 1947 421 2033 Apostolus
458 1947 572 2014 Patrius
603 1947 741 2013 haheat‘t
771 1947 878 2013 Nonne
911 1946 982 2012 tino
1014 1963 1128 2032 aquam
1164 1947 1195 2012 in
1224 1947 1320 2014 calice

86 2053 209 2132 miscet,
234 2052 263 2118 id
287 2052 373 2139 quod
396 2053 541 2120 Christus
564 2070 625 2118 non
652 2053 766 2138 legitur
789 2052 923 2119 lecisset
946 2053 1054 2119 Nonne
1075 2053 1270 2138 aliquamdiu
1287 2053 1319 2119 in

86 2175 166 2242 pane
191 2159 379 2228 sermentato
401 2160 605 2237 consecravit,
630 2177 667 2226 ne
689 2155 781 2242 (132)
806 2159 965 2225 videretur
982 2159 1150 2239 iudaizare,
1167 2177 1239 2226 cuin
1257 2177 1319 2226 noo

88 2263 212 2349 ignoret
236 2284 434 2334 consecrasse
468 2266 628 2333 Christum
661 2267 691 2331 iu
724 2267 865 2351 azymis?
890 2267 995 2332 Nonne
1018 2266 1145 2333 demum
1174 2266 1319 2343 instituit,

89 2379 123 2435 ut
147 2373 209 2439 hoc
233 2378 465 2440 sacramentum
490 2380 559 2457 post
581 2389 709 2439 coenam
744 2391 763 2438 a
797 2371 923 2438 Christo
957 2372 1136 2438 exhibitum
1165 2372 1320 2438 aieiunis

88 2485 296 2544 sumeretur?
319 2477 383 2544 Cur
407 2477 504 2564 igitur
527 2477 633 2544 eadem
661 2478 795 2544 Ecclesia
814 2477 953 2544 eiusdem
973 2495 1098 2562 seiimer
1113 2478 1319 2558 auctoritatis,

90 2581 162 2649 liinc
187 2583 315 2668 quidem
340 2584 370 2649 in
405 2585 521 2670 populo
551 2583 671 2664 aetatis,
704 2583 943 2668 imprudentiae,
968 2583 1068 2650 morlai
1100 2591 1131 2650 et
1156 2583 1184 2650 id
1220 2601 1321 2670 genus

88 2689 149 2755 alia
176 2690 384 2770 incommoda,
408 2691 493 2757 illinc
517 2709 593 2757 vero
617 2691 646 2756 in
673 2690 744 2756 vino
766 2689 913 2769 acedinis,
936 2690 1160 2775 corruptionis
1189 2707 1320 2757 nausea-

93 2795 186 2864 tionis
198 2797 223 2874 ³,
247 2798 396 2876 vomitus,
419 2796 589 2875 effusionis
612 2796 737 2881 aliaque
755 2797 933 2863 huiusmodi
953 2797 1092 2882 pericula
1108 2797 1319 2878 considerans

91 2901 151 2968 cini
179 2903 314 2988 speciem
341 2901 425 2969 laicis
448 2902 585 2969 adimere
610 2921 670 2969 non
698 2903 824 2988 valeret,
849 2903 942 2989 idque
975 2904 1004 2969 in
1032 2904 1180 2969 lionorem
1206 2903 1259 2970 Dei
1284 2921 1320 2970 ac

162 3185 172 3218 ¹
193 3187 278 3242 Eucti.
297 3202 320 3242 c.
343 3190 383 3240 itt,
401 3189 422 3240 G
441 3187 494 3240 ib:
513 3189 577 3240 Nihil
599 3189 685 3240 rninus
704 3187 814 3254 suscipit
832 3189 913 3240 laicus
931 3188 1077 3250 sacerdote,
1089 3193 1216 3254 quantum
1230 3189 1321 3242 attinet

92 3277 123 3328 ad
143 3276 281 3332 rollonem
299 3277 474 3344 monumenti,
494 3280 593 3330 ducitis
621 3284 646 3330 et
666 3277 790 3343 utilitatis,
811 3277 833 3330 si
862 3278 941 3330 modo
969 3277 1097 3329 constanti
1126 3277 1187 3340 ilde,
1207 3285 1320 3342 purgato

91 3368 180 3430 corde,
200 3367 292 3419 humili
312 3366 405 3432 spirito
425 3367 572 3420 accesserit.
591 3395 622 3405 -
644 3365 679 3420 lb.
699 3368 720 3419 G
739 3364 776 3418 ib
796 3380 890 3431 supra:
910 3366 1017 3418 Accedit
1036 3367 1066 3417 iis
1086 3365 1214 3418 Ecclesiae
1238 3365 1321 3419 deter-

92 3455 207 3519 minatio,
220 3469 300 3523 quem
314 3455 432 3509 Curuios
446 3455 573 3522 praecipit
590 3455 760 3518 audiendam,
779 3469 847 3522 qnae
867 3457 937 3508 liaud
956 3454 1038 3509 dubie
1056 3468 1194 3522 nunquam
1212 3455 1320 3508 alteram

92 3547 208 3608 speciem
228 3546 376 3612 reliquisset
395 3545 475 3610 laicis,
494 3546 573 3598 altera
591 3544 725 3611 adempta,
744 3545 766 3597 sl
785 3545 809 3596 id
831 3559 894 3598 usus
918 3543 999 3599 totius
1023 3542 1159 3598 mouisset
1178 3543 1320 3598 Ecolcst'ot.

162 3631 263 3688 ’llaec
281 3635 371 3700 opinio
391 3635 515 3688 tundetur
534 3635 558 3688 ia
579 3635 645 3686 male
663 3633 798 3687 intellectis
817 3633 879 3686 locis
898 3635 1010 3686 actuum
1035 3635 1060 3696 2,
1081 3635 1127 3698 ³⁸3
1148 3633 1190 3698 to,
1210 3633 1257 3698 ts;
1282 3633 1320 3695 iti,

93 3722 459 3790 &autemmonstruosi
488 3723 611 3776 dicuntur
638 3723 747 3790 quidam
770 3723 948 3776 «innomine
977 3722 1079 3775 Domini
1107 3724 1161 3774 lesu
1187 3720 1321 3784 Cliristi»,

92 3813 108 3865 i.
125 3829 149 3868 e.
170 3812 303 3879 baptismo
321 3813 356 3880 ab
375 3815 433 3879 ipso
452 3815 568 3868 instituto
587 3817 613 3864 et
631 3819 757 3878 potestate
775 3811 810 3864 ab
823 3813 881 3877 ipso
894 3812 995 3864 collata.
1009 3811 1071 3864 Nom
1091 3811 1181 3880 forino
1197 3809 1321 3875 baptismi

93 3901 153 3956 iisce
172 3901 263 3956 verbis
280 3916 334 3955 non
353 3903 517 3969 exprimitur.
536 3901 745 3954 &coronatoris
764 3901 816 3954 iam
836 3901 884 3953 luit
902 3901 1021 3966 lingonis
1040 3913 1054 3952 a
1073 3915 1094 3953 s.
1114 3900 1218 3953 Victore
1237 3905 1263 3952 et
1275 3899 1322 3952 Pe-

93 3995 120 4044 tri
141 3991 295 4055 Lombardi,
314 3992 377 4044 item
399 3991 499 4044 leuntiis
517 3991 653 4056 Rodensis,
666 4004 696 4043 ex
710 4003 765 4056 quo
783 3990 928 4054 exscriptus
947 3989 986 4042 e'st
998 4003 1013 4042 a
1027 3990 1121 4042 loanne
1134 3987 1322 4054 Dietenberger

90 4088 116 4134 et
134 4084 246 4135 tortasse
263 4081 343 4133 etiam
362 4094 376 4132 a
396 4087 487 4134 nostro
506 4079 668 4132 llerborneo.
687 4079 793 4132 Teletos
812 4081 880 4131 hanc
899 4079 1051 4143 opinionem
1071 4079 1216 4132 etiamnum
1230 4075 1322 4144 probo·

93 4168 171 4224 bilem
190 4183 249 4224 esse
268 4169 385 4236 putavit,
405 4169 431 4222 id
450 4169 524 4236 quod
543 4182 601 4222 esse
620 4169 710 4236 nequit
737 4176 798 4234 post
825 4168 1026 4221 declarationem
1046 4167 1148 4220 concilii
1168 4166 1322 4220 Tridentini.

93 4257 130 4314 Cl.
149 4257 256 4314 wool.
276 4257 357 4314 Gonu.
378 4255 452 4312 mit.
472 4259 534 4311 Pars
553 4258 579 4310 ii.
598 4273 622 4311 c.
641 4259 667 4311 ll.
696 4273 724 4326 q.
749 4259 789 4310 13.
812 4286 847 4295 -
866 4255 1024 4321 Lcdmlrultl,
1048 4257 1139 4309 Tlieol.
1168 4256 1275 4308 moralis
1294 4255 1322 4308 tl.

93 4347 276 4402 ustum

164 4435 175 4468 ¹
194 4435 280 4493 Euclt.
301 4439 322 4490 G
343 4435 394 4490 db:
414 4437 446 4492 lit
465 4437 567 4490 interim
587 4437 677 4489 sileam
696 4433 835 4506 effusionis
851 4433 1176 4504 petentempetentem
1193 4431 1320 4500 acediari,

93 4525 268 4596 corruptiori,
287 4539 321 4581 oc
339 4525 534 4582 nomeotionir.
