3364 5092
186 2459 219 2504 lle
230 2457 333 2502 curium

186 2523 214 2556 ιιι
227 2511 335 2556 libertate.

353 205 394 269 98
668 222 866 271 consorano
888 223 1121 270 nuuueenmsur
1144 222 1261 270 neuter.

353 345 518 412 Ecclesiam
543 353 681 412 nostram
704 363 839 424 errasse,
863 347 926 412 imo
957 363 1119 432 nunquam
1144 363 1205 412 nou
1229 364 1349 424 errare,
1373 352 1410 411 ut
1433 345 1486 411 hic
1510 363 1591 430 pro-
1656 359 1657 364 ’

352 450 493 518 fitemini.
517 452 553 516 ut
576 468 644 518 eam
669 469 775 518 veram
798 459 830 518 et
852 460 991 518 sanctam
1014 470 1083 518 esse
1108 452 1160 518 Dei
1190 451 1356 518 Ecclesiam
1384 451 1590 528 catholicam,
1656 463 1657 528 s

352 557 382 623 ni
407 557 508 635 lallor,
533 557 646 642 integri
671 558 797 625 lectoris
820 557 935 624 iudicio
957 559 1119 624 evicimus.
1146 557 1276 625 Proinde
1301 567 1346 636 tu,
1370 557 1519 643 quisquis
1553 575 1590 623 es

352 663 533 730 rhetorcule
556 670 612 730 ant
636 666 802 748 poetaster,
818 664 952 730 aliorum
978 663 1207 750 logndaedalus,
1231 682 1289 749 ego
1313 671 1343 730 te
1367 664 1498 748 posthac
1519 682 1589 729 non

352 770 448 837 semel
471 769 599 849 docebo,
622 778 742 855 quanto
766 769 880 837 iustius
904 772 1074 855 veriusque
1097 770 1128 836 in
1146 779 1282 836 vestram
1298 769 1465 836 factionem
1489 769 1587 835 istam

352 876 454 962 regeri
481 877 577 962 possit
600 877 801 944 lloratiannm
825 877 909 944 istud
933 877 1022 944 nobis
1045 877 1220 944 obiectum:
1248 877 1317 960 Quo
1348 883 1470 943 teneam
1502 874 1590 941 nodo

353 990 526 1050 mutantem
552 983 661 1049 Protea
685 984 818 1049 vultum.
836 983 877 1048 Ea
900 983 1017 1069 quippe
1042 981 1276 1048 mendaciorum
1293 989 1341 1048 est
1362 989 1488 1060 natura,
1505 987 1588 1047 teste

354 1088 521 1166 Lactantio,
546 1095 582 1155 ul
604 1089 777 1155 cohaerere
801 1107 862 1154 non
887 1088 1017 1172 possint,
1041 1097 1077 1154 ut
1106 1105 1168 1155 nou
1199 1087 1256 1154 abs
1279 1105 1314 1154 re
1345 1087 1386 1153 sit
1409 1087 1507 1153 reteri
1538 1085 1589 1151 di-

354 1195 461 1260 rerbio
483 1194 641 1260 celebrata
664 1195 835 1261 sententia:
851 1193 983 1280 Oportet
1007 1193 1186 1260 mendacem
1206 1211 1275 1260 esse
1291 1210 1473 1260 memorem.
1491 1191 1586 1258 l'olui

352 1300 456 1367 adlruc
480 1300 510 1365 in
529 1301 587 1366 noc
604 1301 707 1385 primo
725 1301 860 1368 themate
875 1301 1043 1386 aliquando
1063 1300 1218 1386 prolixior
1241 1317 1319 1380 esse,
1335 1298 1421 1384 quod
1442 1299 1587 1365 viderem

353 1425 395 1474 ex
425 1406 577 1472 Ecclesiae
608 1415 801 1492 contemptu,
824 1425 883 1473 ceu
914 1406 999 1473 lonte
1031 1406 1160 1484 rivulos,
1196 1406 1361 1473 universas
1394 1421 1587 1490 promanare

353 1512 509 1579 haereses.
535 1513 622 1579 Nunc
646 1513 807 1589 surbversis
823 1513 926 1580 tribus
941 1513 1082 1580 omnium
1098 1531 1246 1579 errorum
1264 1513 1509 1596 haeresiumque
1528 1511 1588 1576 ba·

354 1617 442 1684 sibus
465 1626 560 1702 atque
583 1619 747 1698 columnis,
775 1637 888 1704 nempe
912 1618 1109 1704 praedicandi
1135 1619 1268 1686 verorum
1295 1617 1347 1685 [lei
1373 1617 1508 1696 licentia,
1531 1635 1587 1682 ac·

353 1723 528 1808 captatione
551 1725 649 1791 solius
672 1727 848 1811 scripturae
871 1733 903 1792 et
927 1725 1080 1793 Ecclesiae
1103 1731 1297 1810 contemptu.
1320 1723 1351 1791 io
1376 1723 1508 1810 reliquis
1531 1741 1587 1790 er-

354 1830 481 1896 roribus
503 1830 666 1898 diruendis
689 1831 927 1917 progrediemur
951 1831 1138 1916 expeditius.

749 2094 953 2162 leticucc's
976 2093 1178 2162 SECUNDUS.

434 2341 691 2416 ¹contemnendas
714 2359 782 2407 esse
805 2359 914 2409 omnes
947 2343 1065 2427 priscas
1096 2358 1263 2426 procerum
1295 2340 1585 2410 Ecclesiasticorum

355 2447 603 2524 constitutiones
629 2448 711 2532 leges
743 2455 774 2514 et
805 2448 1048 2515 consuetudines
1076 2447 1277 2526 ieiuniorum,
1308 2446 1506 2516 discretionis
1529 2468 1585 2516 ve-

356 2553 450 2619 stium
474 2560 569 2638 atque
593 2553 747 2630 ciborum,
771 2555 1032 2632 ceremoniarum,
1056 2561 1208 2632 statuum,
1236 2553 1425 2632 olliciorum,
1448 2553 1585 2640 diguita-

356 2667 435 2738 tum,
460 2659 700 2744 praelationum,
725 2667 756 2726 et
778 2659 940 2740 similium,
965 2679 1046 2745 ottae
1070 2667 1144 2726 sunl
1168 2659 1265 2726 libere
1290 2659 1466 2728 reiicienda.
1656 2641 1657 2646 ¹

878 2887 1053 2977 Responsio.

445 3098 513 3183 (62)
539 3099 658 3167 Priscus
681 3101 928 3179 constitutiones,
947 3102 1039 3187 leges,
1063 3101 1317 3180 consuetudines,
1333 3103 1528 3170 ceremonias
1544 3103 1585 3169 alt

357 3208 509 3274 Ecclesiae
534 3207 717 3292 proceribus
742 3207 899 3274 institutas
935 3209 1089 3293 longoque
1113 3226 1174 3274 usn
1206 3208 1388 3275 observatas
1420 3207 1586 3275 laudamus

355 3321 387 3380 et
410 3331 507 3399 supra
531 3314 657 3380 modum
682 3314 884 3391 extollimus;
909 3321 1030 3380 mutum
1054 3314 1152 3392 abest,
1176 3322 1212 3380 nt
1228 3321 1422 3399 contemptas
1438 3315 1585 3392 velimus,

356 3437 409 3487 cas
433 3419 597 3504 imprimis,
621 3437 701 3504 quas
726 3419 834 3486 literae
864 3436 972 3486 sacrae
1004 3419 1093 3486 nobis
1123 3426 1313 3504 genuerunt,
1331 3426 1402 3487 -aut
1431 3439 1514 3506 quae
1545 3423 1586 3488 au

357 3527 417 3594 illis
441 3545 501 3593 non
526 3526 732 3603 dissentiuut;
769 3526 884 3592 ieiunia
914 3524 1068 3604 similiter,
1099 3527 1216 3611 quilius
1246 3526 1351 3593 carnis
1382 3527 1584 3596 rebellionem

356 3633 530 3710 dommuus,
556 3641 684 3716 propter
710 3631 761 3698 Dei
787 3632 963 3710 consilium,
988 3651 1049 3697 non
1077 3632 1195 3716 quimus
1219 3639 1345 3718 peecata
1369 3642 1477 3699 nostra
1499 3635 1585 3718 apud

359 3740 456 3804 Dictum
483 3738 675 3816 reclimimus,
707 3745 763 3804 atrt
791 3737 1026 3822 hypocritarum
1059 3755 1145 3804 more
1178 3741 1207 3804 in
1240 3747 1408 3823 conspectu
1443 3740 1495 3806 llei
1528 3759 1586 3808 nos

357 3844 572 3910 iustiliccrnns.
599 3845 743 3910 Deiectus
768 3845 840 3910 item
865 3844 1007 3910 ciborum
1032 3851 1062 3909 et
1088 3845 1221 3909 restium
1253 3845 1381 3911 minime
1411 3849 1584 3912 colummel-

358 3968 438 4026 ntus,
462 3949 580 4036 (prailius
603 3969 643 4016 ex
668 3948 844 4015 Christiana
868 3950 1010 4016 libertate
1033 3957 1064 4015 et
1094 3951 1173 4015 citra
1196 3951 1457 4016 conscientiarum
1481 3953 1586 4018 carni-

358 4055 480 4122 licinum
506 4056 636 4122 utluuu.
661 4057 722 4122 Nec
746 4055 921 4122 officiorum
940 4055 1120 4121 varietatem
1140 4056 1169 4120 in
1189 4056 1322 4122 Ecclesia
1343 4057 1583 4136 contemnimus,

357 4181 438 4250 uum
462 4163 591 4248 spicilus
615 4167 742 4228 scultetus
775 4180 831 4246 pro
856 4159 1036 4226 varietate*
1060 4180 1191 4228 snorum
1224 4162 1379 4228 donorum
1405 4162 1584 4231 homiuibus

421 4321 429 4340 ¹
449 4325 462 4364 lt
480 4321 590 4368 vurulmlu
610 4317 771 4380 pruncodnuliu
789 4319 874 4366 denunt
891 4317 914 4365 iu
932 4319 1129 4378 apographorum
1146 4319 1267 4366 euidenter
1279 4321 1407 4380 supplenda
1424 4325 1489 4380 suut,
1501 4325 1584 4382 utpote

359 4397 455 4448 luteclm
475 4415 495 4460 p.
520 4401 559 4446 lca
577 4398 660 4447 cltntn.
