3390 5096
524 353 652 402 rnnnms
674 353 880 404 cononessus.
1252 335 1313 403 ltu

80 477 229 557 arserit,
251 477 485 544 detrimentum
508 477 669 563 potietur,
692 478 761 564 lpse
783 485 892 544 onum
916 477 1033 545 colono
1052 477 1127 558 erit,
1143 479 1192 545 sie
1207 486 1316 545 tomen

79 593 253 672 morguam
274 603 336 670 per·
359 584 468 670 igneo
481 586 503 649 ¹.
529 583 609 650 llaec
633 583 693 651 ille.
718 583 876 652 auditisne
892 585 943 651 bic
966 584 1085 670 aliquot
1102 585 1245 652 homines
1260 602 1316 670 per

82 691 190 776 ignem
217 691 322 757 salros
343 689 438 757 fierit
461 688 521 757 Sed
545 689 598 756 ubi
624 689 773 757 tandem?
796 691 875 757 Num
900 689 930 756 in
955 691 1064 758 coelo?
1079 692 1115 757 llt
1131 691 1238 760 nullus
1254 691 1316 758 illic

81 795 175 882 ignis.
203 797 287 864 Num
310 796 341 862 io
367 801 510 862 tarum?
535 797 571 862 lt
596 796 683 862 nulla
706 795 747 863 ibi
764 796 858 863 salus.
874 797 1073 882 Quapropter
1089 797 1176 864 locus
1193 797 1222 863 in
1238 796 1317 864 orbe

81 903 122 970 sit
146 919 318 970 necessum
341 907 399 981 est,
422 919 486 987 quo
510 901 632 968 animae
655 901 728 968 hinc
744 902 924 987 migrantes,
949 901 1119 970 levioribus
1134 903 1238 970 adbuc
1254 902 1317 970 cul-

82 1009 329 1094 pisobooxiae,
354 1008 536 1094 perignem
562 1007 741 1093 expientur.
766 1008 865 1094 itque
895 1009 955 1076 hoc
984 1025 1079 1076 sensu
1105 1009 1205 1076 locum
1231 1010 1316 1076 hunc

80 1122 281 1200 acceperunt
303 1114 521 1199 Hieronymus,
545 1113 736 1192 ambrosius,
752 1113 922 1200 Gregorius
941 1121 972 1182 et
995 1114 1154 1194 llcuinus,
1178 1121 1316 1182 statuen-

83 1229 131 1288 tes
156 1237 203 1287 ex
227 1237 265 1288 eo
288 1220 391 1306 ignem
415 1219 646 1305 purgatorium,
670 1235 727 1287 nec
761 1221 928 1306 quisquam
955 1221 1121 1306 hucusque
1145 1220 1317 1288 catholicus

83 1327 270 1413 refragatus
293 1335 351 1394 est.
376 1326 420 1393 lle
445 1327 512 1393 loco
547 1331 652 1393 autem
689 1327 861 1412 purgatorii
895 1327 985 1394 talem
1012 1327 1106 1394 babel
1129 1343 1255 1413 passum
1278 1326 1317 1394 de

84 1433 157 1500 lesu
195 1433 322 1500 Christo
357 1433 506 1520 loquens:
543 1429 743 1498 Humiliooit
776 1433 986 1518 eernele'psum
1021 1431 1135 1518 foetus
1169 1431 1318 1499 obediere
1335 1447 1486 1500 ruliaco.

85 1557 196 1626 neque
218 1539 266 1605 nd
289 1548 439 1614 morum,
464 1545 603 1605 mortem
626 1545 737 1604 ortum
761 1539 897 1615 craecia:
917 1546 1052 1624 propter
1074 1539 1163 1626 quod
1184 1548 1214 1604 et
1232 1539 1318 1604 neor

82 1645 250 1711 mobovit
274 1643 368 1712 idum
392 1655 421 1711 et
445 1644 584 1712 donavit
606 1642 657 1711 dtr·
678 1663 806 1723 cornera
829 1645 918 1732 quod
945 1653 991 1711 eat
1012 1664 1122 1731 supro
1144 1664 1238 1711 omne
1259 1663 1318 1710 no·

85 1769 176 1830 omn,
201 1759 241 1818 ot
262 1751 299 1818 io
323 1751 455 1818 minine
477 1752 553 1817 Ieeu
576 1749 730 1835 flectatur
752 1769 846 1816 omne
878 1769 966 1836 penu
1000 1751 1197 1830 coelestium,
1222 1761 1318 1817 terre

84 1858 213 1924 atrium
238 1865 268 1923 et
303 1853 515 1942 infernorum
538 1863 596 1924 etc.
621 1857 658 1923 lt
691 1857 745 1943 qui
770 1863 844 1924 sunt
867 1857 980 1925 inferni
1009 1875 1092 1944 genu
1126 1858 1158 1924 in
1193 1857 1318 1924 nomine

87 1963 158 2030 lesn
182 1964 366 2031 flectentest
389 1964 542 2050 numquid
567 1963 598 2030 in
623 1971 742 2030 urtam
764 1970 796 2030 et
818 1965 881 2030 ima
913 1972 1002 2048 parte
1025 1964 1198 2032 inferorum
1223 1964 1319 2031 collo·

85 2070 176 2135 catii
200 2071 237 2135 lt
259 2068 299 2136 de
322 2069 372 2136 his
393 2068 432 2136 ad
457 2069 618 2136 dominum
643 2069 749 2155 regius
765 2070 808 2136 ait
825 2071 995 2155 propbeta:
1014 2067 1088 2136 Non
1103 2070 1230 2138 morteri
1245 2069 1319 2136 lou·
1336 2083 1416 2182 aare&
1430 2085 1477 2138 ua

86 2173 220 2240 ‹labuot
243 2182 283 2253 te,
307 2173 448 2252 domine,
471 2193 529 2240 nec
563 2193 673 2240 omnen
706 2175 766 2262 pul
788 2175 988 2242 descendum
1017 2176 1052 2241 in
1076 2173 1257 2260 insenum.
1283 2175 1319 2242 Et
1418 2168 1424 2181 '

89 2281 197 2348 Esaias
221 2279 327 2347 itidem
351 2279 389 2346 ad
413 2281 547 2348 eundem
570 2281 632 2346 ait:
658 2281 747 2364 Quia
773 2299 839 2347 non
857 2279 1011 2366 infernae
1026 2280 1232 2365 confitebitur
1248 2279 1318 2360 tibi,
1341 2299 1389 2343 nn.
1404 2297 1438 2352 sa,
1452 2297 1487 2343 rs

87 2405 194 2475 neque
217 2405 310 2452 more
332 2385 486 2452 laudabit
508 2395 545 2452 te.
571 2387 643 2466 lmo,
667 2387 712 2454 uti
737 2387 864 2454 divinus
886 2387 930 2454 ait
952 2387 990 2455 de
1014 2388 1064 2454 his
1079 2387 1194 2472 psaltes
1210 2387 1248 2453 ad
1264 2387 1319 2454 do·

88 2494 233 2560 minum:
259 2491 425 2578 Superbia
448 2511 563 2559 eorum
586 2494 646 2582 qui
668 2501 696 2560 te
729 2494 881 2573 oderunt,
905 2494 1052 2560 ascendit
1074 2513 1209 2581 semper.
1241 2492 1319 2560 ileli-
1341 2477 1421 2607 aasz}
1435 2510 1469 2564 n.

87 2617 192 2684 qnam
215 2607 264 2666 est
287 2599 394 2685 igitur,
417 2605 453 2665 ut
476 2599 538 2665 sint
561 2599 715 2667 iustorum
739 2601 871 2679 animae,
888 2600 961 2666 binc
985 2599 1015 2665 ln
1040 2600 1141 2686 gratia
1163 2607 1194 2666 et
1216 2599 1319 2666 chari·
1418 2595 1425 2608 '

89 2713 154 2772 tate
180 2705 362 2791 migrantes,
385 2712 417 2772 et
441 2705 579 2773 nondum
604 2707 642 2774 ad
667 2707 793 2792 plenum
825 2724 843 2772 a
874 2705 1009 2774 morenis
1031 2705 1178 2772 sordibus
1200 2723 1320 2791 expur-

89 2821 193 2896 gatae,
218 2810 249 2876 in
274 2811 438 2896 superiore
461 2810 636 2879 interorum
659 2819 748 2897 parte
764 2811 860 2897 (qrrod
878 2812 1096 2898 purgatorium
1113 2811 1319 2897 appellamus)

91 2917 225 3002 positae.
250 2918 416 2985 Praetereo
438 2918 499 2984 alla
522 2917 752 3003 scripturarum
788 2919 854 2985 loca
889 2917 997 2986 eodem
1033 2917 1230 3003 pertinentia.
1254 2918 1319 2985 Non

89 3023 177 3090 enim
203 3023 234 3090 lo
258 3041 382 3091 summa
404 3023 555 3110 temporis
577 3022 721 3109 angustia
743 3025 890 3109 prosequi
916 3031 1005 3091 vacat
1026 3023 1141 3091 omnia.

182 3130 240 3198 Sed
265 3137 301 3197 nt
325 3130 420 3196 etiam
444 3130 589 3217 singulus
616 3130 751 3216 quisque
774 3131 950 3217 scripturae
982 3131 1068 3198 locus
1103 3131 1320 3217 purgatorium
1337 3145 1491 3246 puerum

89 3255 154 3304 non
179 3236 312 3316 evincat,
338 3235 415 3322 quid
441 3243 507 3304 tum
531 3243 648 3323 postea,
672 3236 797 3322 quando
820 3255 862 3304 ex
886 3237 1033 3304 universa
1058 3237 1216 3323 scriptura
1239 3237 1321 3304 inter
1382 3253 1440 3298 nn

90 3361 123 3410 se
148 3343 263 3410 collata
287 3343 505 3429 purgatorium
530 3343 579 3411 vel
610 3343 675 3410 sole
707 3343 841 3411 lucidius
872 3343 1053 3429 colligitur?
1076 3345 1182 3412 Nonne
1206 3343 1320 3428 passim

90 3467 150 3516 nos
174 3449 279 3516 diuina
302 3449 427 3536 eloquia
449 3449 571 3530 docent,
602 3467 711 3516 omnes
740 3467 798 3516 nos
827 3467 897 3540 esse
919 3455 1121 3534 peccatores?
1144 3468 1208 3535 qua
1231 3449 1260 3514 in
1286 3465 1321 3516 re

91 3573 155 3622 non
179 3554 286 3634 dubia,
309 3554 377 3622 ut*
400 3555 492 3622 iuxta
508 3556 710 3641 proverbium
729 3555 860 3623 testibus
875 3561 948 3622 utar
964 3573 1025 3622 oon
1042 3555 1156 3635 dubus,
1173 3572 1236 3622 una
1251 3571 1321 3621 ora-

92 3662 136 3728 tio
162 3660 318 3728 dominica
345 3658 437 3746 (llll)
461 3661 537 3729 nulli
562 3679 624 3728 non
648 3663 772 3747 cognita
802 3661 831 3729 id
866 3661 990 3729 abunde
1026 3667 1168 3740 testatur,
1193 3660 1223 3726 in
1259 3679 1321 3747 qua

90 3783 203 3834 omnes
226 3765 330 3834 debita
355 3767 420 3835 sire
444 3775 570 3853 peccata
593 3775 700 3835 nostra
721 3766 919 3853 agnoscimus
941 3773 973 3835 et
995 3767 1199 3846 confitemur3
1224 3773 1256 3833 at
1270 3784 1321 3834 ea-

90 3874 163 3942 dem
189 3873 243 3940 [lei
268 3874 393 3960 eloquia
417 3873 515 3942 iustos
550 3881 581 3942 et
616 3874 758 3952 iniustos,
790 3873 887 3940 bonos
921 3882 952 3940 et
989 3873 1087 3940 malos
1113 3873 1320 3959 distinguunt.

90 3981 163 4066 Quo
187 3979 283 4066 igitur
308 3980 455 4066 migrabit
477 3981 582 4048 iustus
605 3987 637 4047 et
658 3986 814 4065 peccator,
837 3980 985 4046 nimirum
1009 3978 1232 4065 aquotidianis
1252 3979 1321 4065 qui-

156 4094 168 4114 ·
187 4107 225 4142 ne.

166 4263 175 4296 ¹
197 4263 280 4321 Eucb.
303 4267 326 4332 Q
344 4263 380 4318 ib
399 4266 423 4316 l.
441 4263 502 4318 Cor.
524 4264 548 4330 3,
569 4263 655 4317 ule.
673 4264 779 4318 citatum
799 4263 947 4318 verbaliter.
968 4264 1046 4316 Delo:
1064 4261 1181 4316 Observa
1195 4261 1267 4330 quod
1286 4261 1322 4316 di·

92 4357 143 4408 rit:
162 4355 238 4423 quasi
257 4367 305 4420 per
325 4353 422 4420 lgncm.
442 4355 531 4420 Neque
549 4353 620 4406 enlm
640 4351 709 4419 ignis
727 4353 768 4406 ille
786 4351 928 4423 tolerato
943 4353 1025 4406 salvat
1036 4359 1082 4405 aut
1094 4365 1201 4418 prorsus
1219 4357 1323 4418 purget,

92 4443 139 4496 sed
161 4449 290 4508 perpetuo
309 4441 434 4506 incendit,
455 4447 584 4508 perpetuo
602 4443 716 4506 cruciat;
728 4441 777 4495 erit
790 4442 868 4508 igitur
880 4441 949 4506 lgnls
967 4441 1015 4494 iste
1027 4439 1208 4510 purgatorius
1220 4439 1324 4506 explan·

93 4531 135 4584 dls
154 4527 294 4586 aalmabus
312 4529 463 4598 deputatus.
