3384 5082
361 307 426 373 aaa
747 325 993 374 nontrsueurua
1018 325 1195 374 secamur.

360 889 462 928 sensus.
479 875 574 929 Contra
594 878 671 928 nodia
691 876 880 928 haereticorum
900 889 1045 942 synagoga,
1062 877 1144 928 Deum
1159 876 1342 939 immortalem,
1355 891 1435 942 quam
1449 879 1588 942 polyposa,

359 978 439 1031 quam
460 966 541 1031 varia,
560 980 641 1032 quam
661 966 686 1016 in
707 966 802 1018 multas
821 965 913 1030 partita
933 967 1063 1030 haereses,
1076 967 1198 1032 adeoque
1211 979 1225 1018 e
1238 979 1267 1018 se
1280 967 1335 1031 ipsa
1349 965 1470 1028 dissecta,
1481 966 1542 1017 ninii
1558 965 1586 1016 in

359 1067 389 1104 ea
403 1053 476 1116 certi,
490 1054 550 1106 nihil
563 1053 730 1108 concordiae.
745 1054 819 1106 Adde
832 1054 904 1121 quod
923 1054 989 1108 citro
1008 1035 1157 1122 ultroque...
1171 1055 1205 1107 de
1217 1055 1311 1120 capito,
1324 1055 1359 1108 de
1370 1069 1474 1108 summa
1490 1068 1588 1107 causae

360 1141 516 1208 disceptant,
527 1143 636 1208 variant,
650 1152 674 1194 et
687 1157 722 1196 aa
735 1142 867 1197 dianutro
876 1147 1011 1212 pappant.
1023 1143 1177 1197 Lutderona
1189 1143 1321 1210 siquidem
1333 1141 1587 1198 carotosuainmm

361 1245 440 1295 porro
460 1232 639 1298 eliminatae
660 1229 943 1300 Oecolampudtitnam,
963 1233 1000 1284 sic
1019 1231 1226 1300 acacianam,
1247 1233 1483 1297 oecolampadiana
1502 1232 1587 1284 llassi-

360 1333 427 1382 cam,
446 1319 577 1386 simulque
595 1331 620 1372 ei
639 1327 769 1388 quotquot
787 1326 856 1383 sunl,
876 1320 921 1388 qui
942 1321 1002 1373 ltuic
1020 1321 1046 1372 in
1066 1321 1190 1373 Sinaxeos
1212 1321 1289 1385 signo
1312 1334 1363 1373 non
1382 1321 1543 1373 consentiunt
1557 1339 1587 1370 ι.

431 1408 463 1459 Ut
480 1413 568 1460 umen
587 1408 688 1460 veritati
709 1423 773 1462 suus
792 1409 824 1461 sit
843 1410 923 1472 locus,
938 1411 1064 1461 fateamur
1076 1415 1188 1474 oportet,
1201 1407 1313 1462 dubium
1327 1407 1404 1460 nobis
1417 1409 1494 1462 luisse
1506 1407 1587 1460 obor-

360 1502 424 1560 tum,
443 1511 506 1550 num
527 1495 695 1572 ilerlrorneus
713 1497 799 1560 irrerit,
817 1497 862 1564 qni
883 1497 1059 1563 principaliter
1072 1497 1151 1550 modo
1171 1498 1247 1550 allata
1262 1498 1431 1563 descripserit
1449 1507 1522 1550 nous
1539 1498 1586 1548 Ee·

360 1585 462 1637 clasiae.
481 1585 545 1636 Nam
565 1587 676 1639 eandem
698 1587 750 1638 lere
770 1595 890 1638 notarum
915 1585 1116 1638 delineationem
1142 1585 1290 1638 invenimus
1313 1587 1339 1638 ln
1365 1584 1431 1638 libro
1450 1583 1588 1640 Ambrosii

360 1671 470 1740 Pelnrpi
488 1673 611 1736 (Storclr),
630 1675 706 1727 cuius
725 1673 859 1739 inscriptio
879 1675 942 1725 haee
962 1673 1053 1725 habet:

433 1781 446 1808 r
461 1763 680 1827 llyparasplsmus
699 1763 756 1815 sire
775 1763 951 1828 propugnatio
971 1763 1115 1828 apologiae
1133 1761 1266 1816 Ambrosii
1286 1762 1396 1828 l’elargi,
1414 1777 1468 1830 quo
1487 1764 1586 1814 Eirena-

359 447 512 515 adversus
541 466 650 516 omnes
680 449 834 515 malarum
865 449 1045 534 dogmatum
1076 449 1220 518 adsultus
1250 448 1414 536 infracta,
1450 450 1589 535 perstitit
1680 395 1681 484 Ῐ

361 571 456 639 porro
480 555 615 620 immola.
642 555 747 640 impeti
773 556 884 640 poluit,
909 555 990 622 rinci
1013 573 1049 622 ac
1074 575 1169 640 porro
1185 557 1282 623 everti
1307 575 1369 623 non
1394 557 1500 642 poluit.
1523 557 1589 622 lie-

360 678 422 745 qne
445 660 527 726 anim
553 679 703 746 unquam,
729 662 775 728 rel
803 663 897 728 laium
928 663 1072 746 digitum,
1096 662 1136 729 ab
1167 663 1340 748 apostolica
1363 663 1424 730 lide
1446 663 1586 730 dellexil.

359 1850 446 1904 ristiae
464 1851 622 1904 sucrillclnm
642 1851 677 1904 ab
690 1849 926 1916 Oerolampadiana
940 1852 1067 1904 calumnia
1082 1859 1187 1904 saenue
1205 1852 1339 1906 asseritur.
1350 1852 1465 1906 &sileae
1481 1853 1545 1905 teas
1559 1872 1585 1903 ι.
1680 1893 1681 1902 ,

432 1940 466 1992 lbi
486 1941 610 2004 leguntur
628 1941 779 2007 sequentia:

431 2031 450 2080 ll
469 2031 530 2082 ts...
552 2049 566 2076 α
578 2045 596 2082 a
615 2044 669 2098 qua
689 2029 841 2100 quicunque
860 2028 969 2084 rebelles
988 2029 1146 2095 dadacum,
1162 2043 1265 2098 parum
1284 2028 1366 2094 abest,
1388 2029 1454 2098 qaia
1472 2028 1509 2083 ad
1525 2043 1587 2098 spa·
1680 2045 1681 2102 j

359 2131 476 2186 upapam
494 2121 608 2172 samaiae
626 2117 760 2190 deficiant,
779 2117 856 2172 tiotit'
872 2117 971 2174 scilicet
988 2133 1022 2173 ac
1042 2118 1133 2188 spurii
1156 2119 1230 2188 sacti.
1255 2147 1290 2158 -
1316 2119 1395 2172 l’orro
1425 2120 1494 2171 undo
1520 2132 1587 2172 cera
1680 2129 1681 2178 Τ

359 2204 453 2259 Christi
473 2205 592 2260 Ecclesia
611 2204 646 2259 ai
664 2205 819 2260 adu-iteriaa
840 2207 985 2261 intermasct‘
1002 2215 1091 2274 queat,
1104 2207 1174 2260 naud
1188 2208 1270 2260 multo
1282 2207 1389 2274 negotio
1408 2205 1513 2259 anobis
1525 2207 1587 2258 edo·

360 2293 487 2348 ceberis...
508 2297 623 2348 l¹rinmm
644 2309 708 2350 uera
727 2295 821 2348 Ciuisti
849 2295 968 2350 Ecclesia
993 2295 1124 2350 carnotim
1149 2303 1196 2362 est,
1217 2297 1233 2348 i.
1257 2310 1279 2348 a
1301 2311 1352 2364 per
1371 2294 1463 2350 orbem
1486 2309 1588 2364 sparsa

359 2387 439 2452 alque
457 2383 565 2453 diffusa.
586 2385 703 2438 lleretrlx
722 2391 809 2438 autem
831 2386 941 2438 Ecclesia
962 2393 1013 2436 tom
1033 2391 1072 2437 est
1086 2383 1115 2438 ia
1133 2388 1243 2440 armam
1261 2389 1353 2440 caucia
1376 2389 1485 2454 uimque
1503 2397 1588 2453 uncu-
1680 2429 1681 2442 ,

358 2473 407 2528 alie
425 2472 606 2541 circumsepta
624 2473 732 2544 finibus,
753 2478 782 2527 at
801 2487 833 2527 ne
852 2487 949 2527 nomen
968 2487 1050 2527 suant
1069 2473 1142 2530 tueri
1163 2473 1269 2542 qm'dem
1296 2473 1389 2542 possi,
1410 2473 1436 2528 si
1453 2473 1525 2527 lanc
1543 2487 1587 2527 ca·

359 2561 486 2616 titolicum
505 2560 592 2616 dicere
611 2561 737 2616 colueris.
753 2563 946 2628 seripturarum
966 2561 1093 2616 uaticiru'a
1108 2562 1306 2631 praenuntiant
1320 2561 1421 2616 Cluati
1438 2561 1587 2616 Ecclesiam

359 2649 527 2706 dilatandam
547 2650 623 2705 ultra
642 2665 719 2704 mare
738 2655 764 2705 rt
788 2652 815 2704 in
836 2651 959 2720 Apicum
984 2655 1009 2704 et
1028 2651 1056 2703 in
1081 2649 1249 2719 Aquilonem,
1268 2650 1305 2704 ad
1322 2650 1451 2704 orientem
1474 2655 1500 2704 el
1518 2651 1587 2706 occi-

359 2738 462 2794 dentem
479 2739 626 2809 pluresque
643 2741 703 2810 [ore
719 2739 790 2810 filias
809 2738 936 2804 desertae,
951 2753 1034 2808 qaam
1047 2739 1112 2805 eius,
1132 2753 1201 2808 quae
1214 2743 1272 2793 ium
1284 2738 1375 2794 uuum
1393 2738 1494 2794 inierit.
1509 2741 1587 2808 Quod

359 2829 379 2880 si
400 2830 451 2882 iarn
472 2831 512 2881 rel
531 2829 829 2895 Oecolampadianorum
850 2831 891 2881 vel
911 2831 1118 2882 Lutlrcranorum
1139 2830 1179 2882 rol
1198 2827 1376 2896 quorumlibet
1400 2829 1522 2892 aliorum,
1541 2831 1586 2896 qni
1680 2823 1681 2834 ¹

359 2917 493 2970 diversum
514 2933 527 2970 a
548 2918 625 2970 nobis
643 2919 766 2983 sentiunt,
786 2932 925 2970 numerum
944 2917 981 2971 ad
1000 2917 1163 2972 ludaeorum
1189 2931 1359 2987 synapopam
1383 2917 1487 2986 ecipas,
1513 2917 1588 2972 colli-

359 3005 468 3075 quesct't,
488 3007 558 3072 apud
580 3008 634 3060 illos
652 3009 805 3060 catholicam
827 3008 967 3060 Ecclesiam
987 3015 1107 3060 constare
1126 3021 1178 3060 non
1199 3019 1284 3072 posse,
1300 3006 1518 3074 quandoquidem
1529 3005 1587 3074 piu-

358 3109 402 3150 res
422 3094 499 3149 lodie
518 3102 578 3148 sum
596 3095 691 3150 ludaei
708 3111 790 3165 oriam
811 3095 1056 3166 oecolampadiuni,
1077 3094 1227 3150 Eaiierani
1237 3116 1290 3148 »....

432 3185 449 3234 lt
469 3182 520 3236 ib:
543 3202 556 3231 r
571 3185 634 3236 Dein
655 3185 775 3250 Ecclesia,
794 3199 890 3253 quae...
908 3183 1045 3238 ac'lrrt'sio
1058 3183 1198 3254 ‹tedriicnrt'
1215 3187 1306 3252 coepta
1320 3191 1366 3246 est,
1380 3181 1533 3252 apostolica
1544 3204 1589 3235 ι...

432 3273 450 3324 Β
470 3274 499 3326 ³:
532 3273 697 3328 «Postremo
723 3287 787 3327 aera
811 3272 911 3328 cirrati
930 3273 1049 3327 Ecclesia
1068 3287 1124 3326 arna
1142 3276 1182 3326 ert
1199 3285 1355 3342 semperque
1373 3271 1424 3326 sili
1448 3276 1585 3336 reminas,

359 3375 501 3430 nataqaam
519 3376 574 3415 noa
592 3361 639 3416 sui
655 3361 760 3427 similis,
779 3376 833 3416 noa
852 3362 881 3416 in
897 3365 990 3431 partes
1011 3366 1093 3414 lacera
1114 3375 1200 3427 neque
1219 3360 1351 3416 insectus
1371 3359 1456 3414 scissa
1481 3363 1530 3413 aui
1548 3358 1586 3413 di·

358 3450 434 3516 uisa,·
453 3451 516 3519 quin
531 3451 619 3516 potius
633 3451 658 3503 id
678 3451 765 3517 ipsum
784 3458 836 3504 tota
855 3449 942 3516 sentit,
962 3450 1031 3504 idem
1050 3449 1142 3516 credit,
1162 3449 1230 3520 idem
1247 3452 1377 3518 perpetuo
1395 3449 1538 3519 maritetur·
1554 3463 1588 3502 ac

359 3539 441 3604 dccet,
462 3543 490 3594 ut
509 3539 676 3596 miraculum
696 3555 763 3606 pene
782 3541 866 3593 rideri
877 3539 964 3609 possit
983 3549 1019 3592 tot
1034 3539 1218 3594 Ecclesiarum
1237 3543 1292 3593 tam
1313 3538 1393 3608 lanan
1407 3537 1530 3594 accrum
1549 3537 1588 3591 ia-

359 3628 472 3684 tereallo
491 3628 689 3698 dirempta-rum
708 3629 737 3683 in
758 3628 809 3700 fide
827 3643 938 3682 concors
957 3644 1041 3696 usque
1060 3630 1127 3682 adeo
1146 3629 1274 3682 doctrina.
1299 3627 1401 3684 Contra
1419 3628 1537 3680 oduloera
1562 3637 1588 3680 et

359 3717 443 3771 oolla
462 3717 659 3772 ltuerelt'corum
685 3719 805 3780 Ecclesia,
832 3719 917 3771 Doara
941 3717 1132 3782 immortalem,
1158 3730 1240 3785 qaam
1264 3731 1370 3784 semper·
1394 3718 1433 3770 esi
1451 3714 1531 3770 uaria
1553 3729 1587 3770 uc

360 3804 492 3860 instabilis
511 3811 537 3861 el
554 3806 582 3860 ia
601 3807 702 3861 multas
718 3806 822 3876 partita
842 3805 1002 3860 tumeres».

432 3895 610 3950 Subdtuimus
629 3897 715 3948 omnin
736 3895 827 3961 verua,
846 3911 914 3962 quac
934 3895 1041 3960 l’elargn
1054 3901 1099 3948 aui
1116 3909 1177 3948 cum
1198 3895 1306 3947 lllonade
1325 3903 1351 3947 et
1369 3894 1440 3946 Notis
1459 3901 1501 3945 otu
1524 3907 1585 3946 cuna

359 3983 540 4038 Consolatione
559 3986 708 4037 eotnnmnia
729 3991 797 4038 sunt.
824 3986 897 4038 Unda
922 3993 1040 4050 apparet,
1062 3985 1148 4050 ipsum
1175 3982 1271 4036 lrabere
1298 3990 1395 4036 textum
1421 3981 1537 4036 llunadis
1561 3989 1586 4034 et

359 4073 484 4126 liciarum
504 4074 580 4140 quasi
600 4074 699 4126 unitum
720 4081 745 4126 et
758 4074 785 4126 in
803 4075 872 4126 notis
884 4075 1070 4126 enumerandis
1083 4073 1158 4140 sequi
1171 4073 1290 4126 ordinem
1305 4073 1428 4138 Marandis,
1448 4085 1509 4124 cum
1522 4071 1587 4124 Con·

361 4163 485 4214 iutatione
504 4169 590 4215 umen
611 4177 662 4215 non
682 4162 779 4214 trabere
802 4168 854 4215 tam
882 4164 961 4215 multa
987 4163 1147 4215 communia.
1172 4163 1261 4215 Posset
1284 4176 1349 4228 ergo
1374 4163 1498 4226 pelargus
1523 4175 1585 4213 usus

359 4251 438 4303 titisse
457 4258 481 4302 et
501 4252 609 4304 ilonade
627 4259 653 4304 et
672 4253 751 4304 Notis.
770 4252 862 4304 Uuum
882 4265 946 4304 vero
965 4265 1057 4304 revera
1078 4254 1127 4304 lroc
1146 4251 1243 4316 lecerit,
1262 4265 1294 4302 en
1314 4251 1372 4302 rice
1385 4263 1460 4302 rersa
1474 4247 1585 4301 lierbor-

360 4354 426 4394 neus
445 4342 515 4392 illum
535 4341 708 4406 exscripserit,
727 4355 759 4393 an
780 4341 895 4408 denique
914 4343 979 4394 iorte
998 4341 1065 4392 allus
1083 4350 1174 4392 auctor
1194 4339 1278 4402 luerit,
1296 4353 1327 4390 ex
1346 4353 1401 4406 quo
1420 4351 1513 4390 omnes
1526 4339 1585 4388 lieu·

359 4431 447 4494 serint,
467 4443 518 4481 non
538 4430 667 4482 audemus
686 4429 817 4483 decidere.
828 4429 927 4494 Pelargi
946 4429 1055 4496 quidem
1070 4427 1135 4481 iiber
1155 4443 1204 4480 non
1219 4428 1268 4480 nisi
1281 4441 1379 4480 atinum
1398 4426 1584 4492 impressionis,

359 4531 397 4571 sc.
418 4517 495 4580 tatu,
514 4517 568 4570 sine
587 4517 748 4570 accuratiore
768 4519 827 4570 data
848 4518 1058 4581 indicat51l0tae
1083 4516 1237 4579 llerbornei‚
1262 4529 1323 4569 cam
1349 4514 1514 4568 inveniantur
1538 4513 1585 4566 im·
