3390 5096
520 345 651 393 rannus
673 344 880 394 onnonussus.
1250 329 1311 394 adl

78 468 157 536 tulit
187 468 335 536 basterna
358 467 471 554 gandia
493 475 584 536 noote
609 469 723 536 Venus.
748 471 872 554 Quanto
904 469 1003 556 magis
1025 487 1101 556 ergo
1124 469 1316 538 Christianos

76 574 214 642 addecet
238 574 416 642 sacerdotes
439 593 501 642 non
525 574 607 642 idolo
630 593 721 656 nano,
744 583 777 642 at
802 594 876 644 vero
899 576 964 643 beo
986 576 1209 656 sacrificantes,
1226 576 1317 644 iuxta

78 681 253 748 consilium
277 681 441 767 proprium
467 681 653 767 legislatoris
685 682 753 750 lesu
785 682 911 762 Christi,
934 691 1074 750 castrare
1102 683 1221 768 seipsos
1244 701 1317 769 pro·

77 795 154 872 pter
180 805 315 873 regnum
347 787 518 867 coelorum,
549 806 614 873 otro
645 788 758 874 purius
789 788 957 856 ineffabilia
991 806 1081 856 sacra
1111 796 1315 858 oontraotent.

79 893 228 960 Proiecto
243 912 305 962 non
323 901 424 979 potest
447 912 509 961 non
525 902 557 962 et
574 895 693 981 pudore
709 903 741 962 et
755 894 864 962 dolore
886 894 967 962 allici
985 895 1057 981 pius
1074 895 1179 974 bomo,
1202 896 1253 963 oui
1277 896 1317 962 sit

78 1001 129 1066 nel
156 1007 249 1085 gutta
271 1000 440 1067 Christiani
464 1000 636 1086 sanguinis,
659 1002 782 1086 quoties
805 999 893 1068 audit
917 1001 975 1067 lta-o
993 1007 1177 1087 tempestate
1199 1008 1317 1080 nostra,

78 1124 144 1172 non
172 1114 333 1191 praestare
358 1107 528 1174 monachos
551 1117 582 1174 et
605 1107 765 1185 moniales
788 1125 870 1192 quos
893 1123 951 1174 ceu
977 1107 1073 1174 totius
1096 1115 1221 1174 nostrae
1245 1107 1318 1174 reli·

78 1213 187 1298 gionis
210 1212 320 1280 llorern
345 1229 414 1280 osse
436 1213 611 1299 oportebat,
634 1213 718 1298 quod
742 1213 816 1280 olim
848 1212 988 1299 gentium
1016 1212 1192 1281 sacerdotes
1222 1219 1317 1298 alque

79 1318 219 1386 vestales
244 1319 478 1403 praestiterunt.

173 1421 269 1508 (172)
295 1425 441 1492 Deinde
433 1444 465 1492 rn
490 1426 557 1512 lege
581 1425 698 1511 soripta
722 1426 806 1493 Deus
828 1444 889 1492 non
914 1426 1016 1494 solum
1042 1434 1195 1505 vetuerat,
1212 1444 1250 1492 ne
1267 1443 1316 1492 sa·
1359 1438 1451 1550 ”obn

80 1531 231 1598 cerdotes
254 1531 385 1619 (quibus
408 1532 449 1599 ob
473 1531 587 1599 levitici
611 1532 738 1599 seminis
762 1532 1017 1618 propagationem
1042 1533 1231 1618 permissum
1248 1537 1316 1599 erat

80 1637 283 1722 coniugium)
306 1647 412 1706 scorta
434 1637 588 1704 ducerent
612 1655 730 1705 uxores
754 1637 797 1722 (id
822 1638 904 1724 quod
931 1637 1023 1706 bodie
1048 1639 1161 1724 passim
1187 1638 1233 1716 lit,
1257 1655 1316 1722 pro

80 1743 175 1810 dolor
198 1751 231 1810 et
253 1743 373 1829 pudorl
398 1761 418 1810 a
441 1743 557 1810 nostris
580 1743 806 1824 sacerdotibus,
831 1744 893 1810 imo
916 1751 948 1812 et
971 1743 1182 1826 monaobis1),
1205 1743 1244 1810 de
1267 1761 1316 1810 sa·

82 1850 212 1916 cerdote
237 1849 363 1936 quidem
389 1866 501 1934 magno
523 1849 567 1916 ita
590 1867 645 1936 por
669 1851 772 1916 Mosen
796 1849 920 1916 dicens:
943 1849 1095 1918 Soortnm
1118 1858 1147 1916 et
1162 1847 1224 1916 orla
1238 1868 1315 1936 pro
1338 1861 1474 1960 ”sff'b'fld'

82 1955 249 2022 slibnlnm
271 1973 339 2022 non
361 1955 456 2022 drroel
480 1974 631 2034 oaorem,
654 1975 713 2022 nee
734 1975 820 2035 eom,
843 1975 929 2045 qrooe
953 1955 1132 2042 repudiato
1147 1965 1194 2022 ert
1209 1975 1232 2022 o
1248 1975 1316 2022 mo·

85 2063 165 2140 ra'to,
191 2063 280 2152 qnod
302 2072 516 2129 consecrator
538 2071 585 2128 ert
610 2063 674 2128 Deo
697 2082 760 2129 sno
782 2073 811 2128 et
830 2082 936 2148 pones
954 2063 1196 2150 propositiones
1210 2059 1313 2149 offert.

86 2169 137 2236 Sit
160 2187 240 2255 erpo
263 2177 412 2246 sanetus,
436 2167 526 2256 quod
547 2187 604 2255 epo
626 2177 863 2234 sanctuarum
887 2169 1055 2248 dominos,
1072 2169 1131 2258 qni
1144 2167 1315 2252 sanctifico

87 2295 154 2342 noa.
181 2276 218 2342 Et
241 2275 336 2361 paulo
360 2282 429 2360 post
452 2275 546 2343 inibi:
580 2275 746 2360 Virpr'nem
768 2276 864 2342 daret
881 2294 1031 2354 uxorem,
1048 2275 1187 2341 virinum
1203 2283 1315 2340 notent

85 2383 303 2470 repudiatam
326 2391 355 2448 el
377 2382 552 2449 sordidam
576 2391 674 2470 olqne
696 2381 900 2448 rnerwelrr'rem
925 2401 991 2448 non
1014 2381 1161 2466 arripiet.
1187 2380 1230 2448 De
1257 2381 1316 2448 mi-

86 2487 221 2554 noribus
243 2493 349 2554 autern
374 2485 589 2552 sacerdotibus
613 2504 669 2571 per
694 2485 884 2554 Ezechielem
916 2485 961 2552 sio
993 2486 1140 2570 loquens:
1174 2484 1315 2551 Viduam
1344 2497 1421 2544 nou
1437 2497 1470 2552 ιι.

85 2603 115 2658 et
140 2593 357 2678 repudiatam
380 2611 446 2658 non
470 2593 632 2680 ‹arripient
655 2611 788 2671 osores,
812 2591 869 2658 red
892 2591 1038 2678 oirpr'ner
1061 2592 1101 2658 de
1122 2589 1316 2656 seminario·
1391 2551 1425 2595 η

85 2719 163 2765 nnn
189 2698 314 2776 iareah·
335 2699 394 2765 sed
415 2707 443 2764 el
466 2699 618 2777 arduom,
634 2718 719 2787 pone
734 2697 839 2783 suerit
861 2698 967 2764 vidoro
986 2717 1009 2764 a
1024 2697 1204 2774 sorerffdote
1227 2695 1314 2762 αισι-

83 2806 186 2890 pient.
210 2805 275 2871 Non
311 2806 413 2872 solum
450 2806 519 2884 boo,
554 2806 693 2891 inquam,
726 2811 869 2871 vetuerat
902 2804 1059 2882 dominus
1084 2821 1193 2870 verum
1221 2802 1313 2869 etiam

85 2911 252 2997 oportebat
274 2911 398 2979 eosdem
416 2911 592 2978 sacerdotes
609 2911 734 2978 idoneas
750 2927 791 2977 ex
808 2911 885 2996 legis
900 2910 1094 2997 praescripto
1118 2927 1236 2976 uxores
1261 2909 1314 2975 ba-

86 3017 197 3084 bentes
221 3025 361 3103 tempore
384 3035 453 3096 sun,
485 3036 549 3104 quo
581 3037 636 3104 per
669 3017 752 3084 vices
787 3017 1016 3094 ministrabant,
1048 3015 1206 3082 uxoribus
1231 3015 1314 3082 domi

87 3123 246 3202 reliotia'
241 3142 270 3190 m
296 3124 411 3208 templo
435 3131 530 3190 totam
557 3123 780 3190 hebdomadam
813 3141 1007 3208 permanere
1032 3122 1113 3207 Quin
1136 3121 1315 3189 llbimeleob

88 3234 137 3299 lut
163 3229 281 3314 Regum
306 3237 439 3296 testatur
464 3230 607 3309 historia)
631 3231 731 3297 noluit
753 3237 826 3296 ante
842 3228 939 3295 David
956 3229 1088 3314 eiusque
1105 3228 1211 3314 pueris
1227 3227 1315 3312 quic·
1338 3239 1359 3284 ι
1354 3238 1433 3337 ¹¹⁶2·
1441 3237 1476 3291 ιι,

86 3353 184 3422 qnam
219 3335 373 3422 impartiri
404 3336 443 3404 de
480 3337 613 3424 panibus
646 3337 876 3422 propositionis,
900 3353 995 3422 qoam
1030 3335 1228 3402 intellixisset
1262 3349 1316 3400 eos

85 3443 124 3509 ad
150 3441 291 3510 triduum
316 3461 335 3509 a
359 3444 555 3523 mulieribus,
582 3444 640 3510 boo
663 3450 721 3521 est,
737 3451 772 3510 ut
794 3443 1000 3526 Hieronymus
1016 3441 1252 3526 interpretatur,
1276 3438 1316 3504 ab

87 3548 282 3628 uxoribus2,
300 3550 433 3616 mundos
455 3549 561 3617 luisse.
582 3549 663 3634 Quid
687 3549 711 3616 si
738 3549 844 3616 baec
837 3567 868 3614 m
893 3547 1049 3628 umbra,
1043 3566 1072 3614 rn
1096 3547 1224 3614 veritate
1240 3543 1316 3631 quid

88 3655 155 3722 irari
180 3661 326 3740 oportet?
349 3655 378 3723 Si
410 3663 495 3723 tanta
528 3656 634 3723 deruit
668 3655 850 3722 castimonia
884 3654 996 3740 legales
1029 3653 1211 3738 typicosque
1242 3650 1315 3717 llosi

88 3761 283 3842 sacerdotas;
307 3762 360 3850 qni
385 3763 500 3830 ollerre
523 3761 637 3829 debent
661 3779 756 3847 panes
788 3781 848 3829 non
879 3759 1110 3848 propositionis,
1141 3767 1172 3824 at
1204 3774 1314 3843 panem

161 3993 169 4024 ¹
191 3993 277 4050 Enrlr.
296 3995 317 4046 ll
337 3993 373 4046 db
393 3996 463 4047 -lt
485 3993 514 4046 t:
528 3995 553 4047 ld
568 3994 588 4046 ai
608 3993 780 4046 observarent
799 3992 948 4058 lutherani,
962 4005 1015 4045 non
1029 3997 1081 4043 tam
1093 3987 1196 4060 possim
1210 3986 1317 4056 qulbus

90 4084 129 4136 ris
147 4083 227 4137 etiam
247 4083 380 4136 vilissimis
397 4083 504 4147 scortis,
522 4084 601 4136 etlam
626 4083 771 4148 repudiatis
789 4097 820 4134 an
838 4080 935 4143 vldnia,
953 4079 1068 4146 cripticis
1090 4078 1220 4143 coniugiis
1237 4091 1318 4142 copu-

91 4173 216 4226 larentur.

160 4259 228 4314 ’lb
247 4261 268 4314 tt
289 4261 305 4314 ³
325 4257 476 4316 Abimeleob
494 4260 582 4315 notuit
606 4275 692 4330 pones
717 4257 901 4331 proposition-r
930 4257 993 4312 dore
1022 4256 1070 4309 nisi
1093 4255 1197 4326 pneris,
1216 4253 1262 4321 qul
1282 4253 1317 4306 ab

90 4351 143 4402 beri
163 4357 190 4404 et
208 4349 398 4404 nudiustertius
423 4349 458 4402 nb
486 4363 608 4404 urorum
637 4363 785 4418 conpressa
810 4347 996 4401 abstinuissent
1015 4346 1050 4414 (t.
1071 4347 1136 4410 neg.
1156 4345 1199 4408 tt,
1219 4343 1244 4396 t.
1265 4343 1317 4408 5.);

90 4447 188 4506 qrranto
208 4439 295 4504 magis
313 4439 345 4494 lis
362 4437 558 4504 abstinendum,
577 4439 623 4505 qul
640 4451 739 4508 ponem
760 4438 831 4491 illum
852 4436 1054 4490 mundissimum
1075 4433 1196 4488 manibus
1215 4441 1318 4486 contre·

90 4537 159 4582 ctare
178 4527 285 4592 debent,
304 4529 349 4596 qul
369 4527 445 4582 cibus
464 4537 503 4581 est
522 4526 623 4592 mnndi,
641 4527 687 4595 qui
707 4527 759 4580 vita
778 4533 818 4581 ost
836 4527 996 4580 bominumt
