3390 5096
354 210 416 276 tte
668 227 863 276 consorano
887 227 1118 276 curucnnmsur
1142 224 1259 274 oanrcr.

352 353 465 420 suriae
480 351 501 417 ¹.
526 353 562 419 ltt
586 353 701 418 horum
725 351 864 417 omnium
889 349 1074 417 testimoniis
1097 348 1169 426 (nisi
1200 355 1233 415 et
1256 348 1389 415 instituti
1425 348 1591 433 temporis

354 458 432 525 ratio
456 459 589 539 vetaret)
613 457 787 543 purgatorii
812 455 904 524 fidem
928 457 1094 523 adstruere
1117 473 1250 542 possem.
1275 455 1356 540 Quin
1374 454 1508 522 loannes
1526 455 1591 520 Da·
1661 489 1662 538 p

352 582 517 632 mascenus
540 564 620 632 inter
646 571 767 630 ueteres
789 570 821 629 et
842 561 1041 648 graecanicos
1066 562 1218 629 Ecclesiae
1240 560 1384 628 doctores
1412 561 1501 628 haud
1533 579 1591 646 po
1661 555 1662 560 ’

351 669 458 736 stremi
485 670 618 737 nominis
641 677 741 736 totum
766 669 905 735 libellum
929 668 968 735 de
991 686 1056 734 uno
1080 667 1262 753 purgatorio
1286 667 1449 752 scripsisse
1466 666 1589 742 fertur,
1661 711 1662 714 ,

351 793 445 861 quem
470 783 573 843 tamen
598 793 655 843 nec
677 793 789 861 graece
813 776 862 842 nel
887 775 981 841 latine
1016 775 1090 840 mihi
1125 776 1277 841 hactenus
1300 773 1407 840 ridere
1438 773 1588 858 contigit.
1661 815 1662 818 η

351 881 419 966 Qua
443 883 539 968 igitur
562 883 664 948 fronte
689 888 734 958 tu,
759 880 967 966 nugacissime
997 881 1200 966 sycophanta,
1224 879 1350 947 etlutire
1381 897 1417 946 ac
1452 879 1588 945 mentiri

351 989 462 1068 audes,
485 989 705 1074 purgatorium
730 988 956 1054 monachorum
980 1005 1017 1055 ac
1044 986 1294 1054 sacrificulorum
1330 1003 1398 1052 esse
1421 986 1589 1052 somnium

351 1102 382 1161 et
405 1102 629 1173 commentum,
653 1094 747 1180 idque
772 1094 890 1161 ventris
921 1101 952 1161 et
974 1094 1028 1160 otii
1064 1093 1175 1178 gratia,
1199 1111 1271 1160 cum
1302 1099 1365 1158 tam
1396 1091 1511 1176 insigni
1540 1098 1588 1156 tot

351 1208 576 1286 tantorumque
598 1200 762 1268 doctorum
787 1200 986 1280 contumelia,
1010 1217 1147 1285 quorum
1180 1217 1219 1266 ne
1247 1198 1301 1266 um
1328 1197 1454 1286 quidem
1479 1199 1586 1264 corri-

351 1308 432 1394 giam
457 1307 656 1374 calceamenti
682 1307 803 1374 solrere
840 1313 901 1372 tota
938 1306 1029 1374 tactio
1065 1311 1168 1373 uestra
1198 1305 1292 1392 digna
1314 1305 1421 1383 luerit,
1445 1313 1478 1372 et
1503 1322 1582 1372 cum

352 1420 438 1480 tanto
461 1413 611 1498 simplicis
633 1419 665 1480 et
688 1412 828 1480 indoctae
853 1411 952 1498 plebis
973 1412 1171 1492 offendiculo,
1188 1430 1245 1497 pro
1268 1430 1332 1498 qua
1347 1411 1495 1478 Christus
1511 1429 1588 1478 san-

351 1519 478 1604 guinem
504 1537 597 1586 suum
622 1519 784 1586 ellundere
808 1537 868 1585 non
894 1518 1074 1586 dubitavit?

440 1625 498 1692 Sed
522 1627 614 1712 agite,
639 1643 807 1712 pergamus
830 1625 952 1704 audire,
968 1625 1086 1711 quibus
1104 1623 1212 1692 niediis
1229 1631 1291 1690 tam
1311 1623 1478 1710 impudens
1495 1643 1586 1692 meu-

351 1731 474 1799 dacium
493 1733 708 1799 confirmetur.
731 1758 747 1790 «
759 1731 871 1799 Omnia
887 1731 1054 1817 (inquitis),
1071 1749 1152 1817 quae
1163 1730 1308 1798 Christus
1324 1729 1445 1798 audivit
1457 1749 1478 1796 a
1491 1739 1586 1816 patre

352 1855 420 1917 suo,
445 1845 518 1904 nota
541 1839 613 1904 lecit
635 1838 797 1924 discipulis
820 1837 897 1918 suiS,
921 1846 957 1904 ut
981 1839 1047 1923 ipse
1070 1845 1203 1905 testatur
1226 1837 1310 1923 apud
1340 1837 1496 1904 loannem.
1523 1838 1587 1905 Sed

351 1943 389 2010 de
414 1943 597 2029 purgatorio
620 1943 697 2010 nihil
730 1944 855 2010 locutus
885 1950 932 2010 est
963 1961 1098 2030 usquam
1123 1944 1153 2009 in
1178 1941 1270 2026 (112)
1297 1942 1489 2028 Evangelicis
1514 1944 1586 2011 lite-

353 2049 396 2115 ris
413 2077 442 2114 i.
467 2085 511 2096 -
534 2051 570 2115 tt
594 2049 644 2115 hic
669 2049 771 2133 primo
795 2049 1031 2135 respondemus,
1055 2068 1116 2116 non
1139 2035 1252 2116 omnia¹
1267 2048 1381 2114 Christi
1406 2057 1475 2116 tum
1499 2048 1586 2116 dicta

180 2179 332 2226 resona.
352 2163 419 2223 tum
452 2155 532 2222 lacta
565 2156 662 2223 literis
696 2173 764 2223 esse
800 2157 944 2223 mandata
980 2163 1057 2223 teste
1091 2157 1182 2224 beato
1219 2156 1331 2223 loanne
1363 2156 1393 2221 in
1418 2155 1504 2223 calce
1531 2155 1583 2222 sui

353 2261 519 2347 Evangelii,
537 2261 800 2346 quemadmodum
822 2261 852 2328 io
871 2261 974 2346 primo
989 2279 1117 2347 quoque
1133 2279 1303 2347 congressu
1319 2261 1547 2329 admonuimus
1560 2262 1583 2326 ².

351 2365 468 2433 Deinde
491 2367 635 2434 Christus
659 2375 729 2452 post
754 2367 835 2434 istud
860 2367 993 2434 verbum
1018 2367 1140 2435 arobis
1156 2365 1325 2434 adductum
1342 2367 1427 2453 apud
1443 2369 1583 2434 eundem

352 2473 576 2558 Evangelistam
603 2474 726 2558 publico
749 2491 854 2540 coram
879 2475 945 2542 suis
979 2472 1155 2558 professum
1179 2492 1258 2554 esse,
1281 2491 1316 2541 se
1340 2473 1457 2540 habere
1481 2475 1585 2540 multa

351 2597 432 2664 quae
456 2580 531 2665 ipsis
554 2580 682 2659 diceret,
706 2589 738 2646 at
761 2598 814 2647 eos
839 2589 914 2647 tunc
938 2599 998 2646 non
1025 2579 1164 2665 potuisse
1187 2580 1281 2660 terre,
1305 2579 1390 2666 quod
1414 2579 1512 2648 rudes
1528 2581 1584 2648 ad-

352 2685 415 2751 buc
437 2692 468 2752 et
492 2686 630 2752 nondum
655 2685 769 2770 spiritu
794 2694 901 2753 sancto
924 2687 1009 2752 uincti
1028 2685 1111 2751 haud
1130 2703 1241 2771 capere
1263 2693 1407 2772 poterant
1431 2704 1508 2753 mox
1540 2688 1583 2754 si-

351 2791 417 2856 mul
441 2791 562 2871 omnia;
586 2791 664 2858 baec
687 2799 791 2858 alutem
816 2791 856 2858 ab
879 2809 916 2858 eo
951 2792 1017 2858 suis
1048 2809 1116 2858 esse
1150 2791 1244 2871 dicta,
1270 2791 1411 2858 nonnulli
1435 2791 1583 2860 doctores

243 2922 292 2967 aei.
307 2921 328 2964 r.
352 2897 431 2962 sacri
456 2904 622 2963 autumant
646 2905 716 2982 post
739 2897 838 2982 ipsius
863 2897 1137 2977 resurrectionem,
1162 2897 1288 2984 quando
1312 2903 1390 2965 teste
1414 2899 1497 2965 Luca
1525 2917 1582 2984 per

351 3003 580 3090 rpuurlropioto
607 3003 677 3069 dies
700 3004 848 3088 apparuit
880 3005 926 3070 eis
957 3013 986 3069 et
1012 3004 1198 3089 loquebatur
1230 3004 1275 3071 eis
1309 3005 1348 3070 de
1382 3024 1485 3092 regno
1512 3005 1581 3071 Dei.

352 3109 394 3175 ld
419 3116 598 3176 extromum
625 3109 705 3177 inter
728 3129 775 3189 ea,
799 3129 881 3196 quae
905 3111 935 3176 in
972 3111 1039 3196 ipso
1071 3110 1237 3196 Evangelio
1260 3109 1377 3195 scripta
1412 3111 1581 3191 habemus,

352 3215 451 3281 multa
474 3223 547 3282 sunt
572 3216 685 3282 tectius
707 3215 938 3302 obscuriusque
961 3217 1054 3296 dicta,
1078 3235 1160 3302 quae
1184 3217 1241 3284 nisi
1267 3217 1381 3303 spiritu
1397 3223 1506 3284 sancto
1530 3235 1583 3285 re-

352 3321 474 3388 velante
498 3321 625 3406 intelligi
662 3329 834 3407 nequeunt,
860 3322 943 3389 unde
975 3323 1132 3407 pollicitus
1166 3329 1224 3403 est,
1249 3341 1282 3389 se
1316 3323 1489 3390 missurum
1514 3324 1583 3390 suis

195 3452 225 3498 6
241 3452 278 3504 un
295 3451 328 3505 rt,
353 3427 545 3511 paracletum
569 3427 715 3512 spiritum
740 3437 894 3507 sanctum,
918 3429 972 3512 qui
990 3447 1043 3496 eos
1066 3429 1192 3496 doceret
1215 3429 1319 3496 onmia
1342 3435 1373 3496 et
1396 3435 1585 3516 suggereret

244 3505 279 3549 16.

352 3533 535 3611 ciconnis,
559 3550 766 3618 quaecunque
791 3534 865 3618 ipsis
888 3534 1022 3600 dixerat.
1048 3535 1106 3601 Sed
1131 3535 1265 3620 ,lpostoli
1290 3541 1321 3601 et
1337 3534 1480 3620 discipuli
1512 3536 1583 3602 lesu

353 3638 466 3706 Christi
491 3647 586 3724 atquo
609 3656 807 3706 successoros
829 3657 939 3706 eorum
956 3639 1124 3706 orthodoxi
1143 3651 1248 3725 patres
1263 3659 1304 3708 ex
1322 3641 1487 3727 Evangelio
1504 3661 1583 3727 pur-

352 3746 508 3830 gatorium
534 3763 601 3812 esse
624 3745 810 3812 docuerunt.
843 3746 1052 3830 Quamobrem
1086 3747 1142 3813 etsi
1173 3747 1264 3814 iuxta
1288 3765 1352 3826 vos,
1376 3747 1494 3833 quihus
1517 3749 1582 3834 spi-

353 3851 417 3918 ritu
441 3858 548 3918 sancto
579 3850 737 3917 destitutis
773 3851 851 3918 liber
884 3851 1038 3936 Evangelii
1075 3853 1217 3938 signatus
1248 3861 1280 3920 et
1314 3855 1441 3920 clausus
1464 3863 1523 3932 est,
1549 3857 1580 3921 in

354 3957 544 4043 Evangelicis
569 3957 666 4024 litoris
691 3975 847 4042 nusquam
871 3957 906 4022 fit
931 3959 1102 4044 purgatorii
1139 3960 1271 4038 menlio;
1298 3967 1435 4027 attamen
1467 3977 1581 4028 secun-

352 4064 427 4130 dum
452 4063 611 4149 Apostolos
636 4063 783 4148 virosque
804 4064 993 4148 apostolicos
1009 4072 1039 4129 et
1055 4064 1250 4132 orthodoxos
1267 4073 1382 4150 patres
1398 4066 1483 4151 apud
1498 4085 1581 4153 quos

425 4313 431 4342 ¹
453 4315 565 4366 Affertur
584 4313 676 4365 eodem
697 4311 848 4376 Hieronymi
868 4310 993 4363 sententia
1015 4311 1039 4362 in
1060 4311 1183 4366 Methodo
1208 4313 1235 4365 V.

424 4399 434 4430 ²
454 4403 539 4466 Supra
558 4402 602 4453 73.
