3390 5096
375 303 437 368 tea
688 321 884 370 coururxrre
906 322 1140 370 huruuuaxrsur
1163 323 1282 372 uxxrcr.

783 554 988 621 xuttcutus
1012 555 1184 622 nectutis

206 723 349 875 hiim&
460 764 578 848 Negare
603 763 688 830 iaicis
711 781 751 830 ex
776 763 871 830 calice
895 763 1010 831 Christi
1046 764 1241 849 sanguinem,
1265 769 1313 830 cst
1347 770 1457 830 contra
1486 763 1615 830 Christi

199 841 291 982 &5233
304 895 351 940 ue·
371 870 552 954 exemptum
576 877 607 936 et
629 869 814 936 doctrinam.

896 1081 1072 1172 Responsio.

459 1296 546 1364 hune
569 1295 738 1362 articulum
764 1299 917 1381 (quantus
948 1297 1009 1378 est)
1042 1295 1132 1363 nohis
1163 1295 1350 1376 adserimus
1375 1314 1543 1381 uunquam
1571 1295 1614 1360 ah

368 1421 406 1470 eu
430 1403 478 1470 vel
502 1401 634 1488 digitum
660 1403 757 1467 iatum
781 1401 961 1481 discessuri,
985 1419 1057 1468 cum
1081 1401 1197 1469 Christi
1223 1402 1376 1469 hahemus
1392 1397 1477 1484 (128)
1495 1419 1614 1468 exem-

369 1510 470 1595 pium,
494 1509 548 1595 qui
573 1516 743 1594 utramque
767 1509 952 1576 sacramenti
977 1515 1099 1594 partem
1130 1508 1216 1576 dedit
1236 1508 1400 1594 discipulis
1422 1509 1507 1576 suis:
1533 1525 1612 1576 cur-
1689 1595 1690 1598 Ἴ

369 1634 429 1700 pus
453 1624 484 1682 et
508 1615 691 1702 sauguinem
717 1614 777 1682 suh
801 1633 880 1700 pane
904 1623 935 1682 et
959 1616 1042 1694 vinu,
1066 1615 1150 1701 quod
1175 1616 1299 1682 Marcus
1322 1633 1399 1700 prae
1422 1615 1540 1683 ceteris
1566 1615 1611 1682 si·

369 1721 570 1806 gnificautius
604 1721 755 1806 exprimit
790 1739 856 1807 cap.
885 1723 942 1788 ih:
969 1721 1141 1801 Biderunt
1177 1721 1290 1807 inquit,
1325 1741 1365 1788 etc
1389 1721 1444 1788 itte
1478 1741 1610 1789 omnes.
1689 1703 1690 1722 ¹

369 1827 486 1894 Christi
510 1829 603 1894 etiam
639 1827 817 1894 institutum
854 1828 1020 1908 hahemus,
1043 1829 1097 1914 qui
1123 1846 1232 1895 omnes
1254 1845 1296 1895 ex
1320 1827 1416 1895 calice
1439 1829 1533 1894 iussit
1559 1828 1610 1894 hi-

370 1933 455 2012 bere,
479 1940 514 1999 ut
538 1933 647 2000 scrihit
669 1933 776 2000 hiatth.
801 1952 868 2018 cap.
895 1935 947 2000 26.
977 1935 1063 2019 Quos
1097 1941 1202 2000 autem
1228 1935 1359 2019 putavit,
1395 1951 1467 2000 cum
1502 1935 1611 2000 dixit:

373 2038 502 2116 Omnes,
520 2038 696 2106 lucuieuter
720 2039 795 2106 satis
818 2039 934 2106 iudicat
958 2040 1151 2125 Evangeiista
1168 2039 1198 2106 in
1215 2039 1322 2107 eodem
1348 2040 1459 2125 capite,
1476 2039 1531 2106 uhi
1551 2041 1610 2118 ait,

371 2144 471 2212 iesum
494 2145 649 2229 accepisse
674 2162 783 2230 panem
808 2155 839 2212 et
862 2145 1001 2225 calicem,
1026 2145 1224 2214 benedixisse
1239 2163 1276 2213 ac
1290 2146 1413 2213 dedisse
1429 2145 1495 2213 suis
1511 2146 1611 2213 disci-

370 2251 462 2336 pulis.
481 2251 568 2318 Nunc
584 2269 670 2331 veru,
686 2251 740 2338 qui
758 2269 791 2318 se
814 2251 929 2318 Christi
953 2252 1125 2337 disciputus
1148 2251 1349 2337 profitentur,
1370 2253 1416 2320 eis
1432 2252 1491 2319 suh
1516 2261 1609 2318 utru-

370 2376 432 2444 que
457 2365 545 2444 partc
573 2367 803 2425 sacramentum
829 2359 899 2425 iure
926 2358 1070 2437 dehetur,
1094 2359 1218 2445 quoties
1249 2358 1278 2425 id
1303 2375 1429 2426 sumere
1457 2359 1608 2442 cupiunt,

371 2473 407 2532 et·
426 2483 462 2532 ec
487 2465 590 2543 cnudo,
613 2483 678 2550 quo
701 2465 846 2532 Christus
870 2465 1015 2544 instituit,
1038 2465 1108 2532 aiiis
1131 2483 1206 2531 xero
1230 2473 1342 2532 neutra
1360 2482 1433 2549 pars
1455 2464 1606 2532 debetur.
1689 2539 1690 2564 χ

891 2621 1078 2694 Guusutaiio.

464 2786 612 2852 [tuhitare
637 2786 797 2872 potuimus
814 2785 840 2865 *,
865 2805 940 2853 utun
966 2787 1113 2854 haeretici
1139 2786 1249 2854 essetis
1277 2786 1347 2872 ipsi,
1371 2806 1410 2853 au
1435 2787 1607 2855 haereticis

373 2891 591 2958 tautruumodu
615 2891 777 2960 credentes
800 2901 831 2960 et
854 2894 893 2960 ah
917 2895 962 2960 eis
984 2893 1117 2978 decepti,
1141 2893 1220 2960 citra
1253 2902 1355 2960 taumn
1387 2893 1604 2978 pertinaciam.

371 3001 408 3065 ,tt
432 2999 558 3084 quaudo
582 3000 667 3065 huuc
690 2999 859 3066 articulum
895 3002 1047 3087 (quantus
1070 3007 1130 3082 est)
1159 3019 1220 3066 uun
1257 2999 1349 3067 modu
1381 3000 1469 3066 vohis
1501 3001 1604 3086 paiam

371 3104 526 3182 adseritis,
552 3124 662 3172 verum
699 3107 793 3174 etiam
827 3106 969 3185 adiicias,
995 3124 1157 3192 nunquam
1193 3124 1249 3172 xus
1271 3105 1311 3172 ah
1334 3123 1372 3172 eu
1396 3104 1444 3173 vel
1467 3105 1604 3191 digitum

373 3211 471 3277 iatum
496 3212 700 3292 discessurus,
726 3214 874 3280 nimirum
906 3214 1006 3281 errori
1043 3213 1247 3298 pertinaciam
1279 3205 1537 3298 superaddentes,
1562 3232 1604 3281 ex

371 3335 427 3384 cre
452 3319 580 3402 propriu
604 3337 659 3384 vus
683 3319 866 3400 iudicantes,
891 3319 972 3386 servi
998 3337 1145 3404 nequam,
1169 3325 1201 3386 et
1235 3319 1450 3386 schismaticus
1473 3326 1505 3386 et
1530 3320 1605 3387 hae·

373 3424 487 3490 retices
511 3443 566 3490 ves
588 3425 843 3494 condemnamus.
868 3427 948 3511 Quid
972 3426 1055 3492 euim
1080 3433 1205 3511 praeter
1221 3442 1363 3492 errorem
1390 3425 1420 3491 in
1445 3425 1507 3491 fide
1531 3443 1605 3510 per-

373 3529 504 3596 tinacem
529 3531 567 3596 ad
593 3533 735 3599 iraeresiu
760 3540 923 3617 praeterea
945 3533 1167 3600 desideraturi
1192 3532 1298 3617 Neque
1323 3549 1397 3597 xero
1422 3531 1556 3608 hahetis,
1573 3530 1603 3597 id
1689 3557 1690 3624 p

372 3635 455 3720 quud
481 3653 536 3701 vos
561 3638 610 3704 hic
633 3637 746 3716 dicitis,
771 3657 828 3723 pru
851 3639 1069 3707 commuuione
1095 3638 1244 3704 iaicurum
1269 3637 1329 3704 suh
1345 3644 1481 3723 utruque
1497 3654 1603 3703 sacra-

374 3742 469 3807 menti
494 3743 607 3826 spccic‚
632 3746 721 3828 panis
747 3746 887 3812 xideiicet
909 3753 941 3812 et
965 3745 1039 3824 riui,
1063 3745 1178 3811 Christi
1203 3744 1252 3810 uei
1275 3744 1457 3828 exemplum
1483 3743 1529 3810 vei
1556 3745 1603 3810 in·
1689 3727 1690 3734 ἵ

373 3848 528 3914 stitutum.
555 3887 597 3898 -
622 3851 776 3936 Principio
799 3853 925 3938 quidem
950 3851 1045 3938 quud,
1070 3851 1115 3918 nti
1151 3867 1261 3917 eximes
1286 3849 1496 3935 Evangeiistae
1520 3851 1603 3917 reie-

373 3965 459 4034 runt‚
486 3957 581 4024 tutius
604 3961 788 4026 sacramenti
818 3959 1031 4027 describentes
1055 3958 1292 4036 institutionem,
1321 3957 1465 4022 Christus
1488 3957 1519 4025 iu
1543 3975 1603 4022 ex-

374 4068 474 4128 trema
505 4081 602 4129 caena
636 4083 708 4130 curn
745 4067 818 4133 sniis
848 4066 1012 4133 duedecim
1049 4066 1200 4151 ‚tpestoiis
1240 4063 1397 4130 accubuit.
1433 4063 1482 4129 Sic
1516 4064 1601 4130 enim

221 4193 295 4237 uarie.
310 4193 344 4246 rs,
374 4169 548 4235 Matthaeus
574 4171 684 4238 hahet:
717 4173 849 4258 Vespere
872 4183 983 4239 utitem
1006 4170 1097 4259 suctu
1120 4169 1345 4240 discendebat
1379 4189 1456 4235 carru
1479 4169 1602 4236 duode-
1689 4241 1690 4248 ,

204 4246 353 4352 uaeiiiu.
373 4275 438 4340 citu
462 4275 636 4360 discipulis
659 4278 740 4343 suis.
767 4281 890 4346 Marcus
914 4297 989 4346 xerxi
1013 4280 1074 4346 sic:
1108 4279 1241 4364 Vespere
1264 4285 1375 4343 cutem
1397 4274 1488 4362 suctu
1512 4281 1602 4344 veuit

204 4406 256 4451 une.
270 4404 304 4458 aa,
320 4404 353 4448 u.
374 4401 451 4447 cunr
474 4381 655 4450 (duodecim.
683 4385 780 4452 hircus
803 4386 938 4471 denique
964 4387 1021 4452 hec
1047 4394 1153 4471 pactu:
1181 4385 1261 4452 Cure
1286 4381 1380 4470 fectu
1402 4391 1482 4448 esset
1503 4379 1601 4464 itura,

437 4515 447 4533 '
464 4514 602 4572 poterimus.
