3390 5096
516 285 645 333 nennius
667 283 874 333 conoessum.

608 509 784 602 Responsio.

169 730 258 796 Satis
291 728 410 796 dictum
446 735 495 796 est
527 728 558 794 in
593 727 766 812 superioris
801 726 925 793 articuli
959 725 1167 794 declaratione
1189 725 1227 792 de
1251 725 1310 792 hu-

78 835 216 904 iusmodi
243 835 438 922 imposturis,
462 843 498 902 ut
531 835 581 902 bic
612 841 756 920 repetere
785 833 912 900 minime
935 828 1027 916 (197)
1050 833 1090 900 sit
1120 851 1208 918 opus.
1233 831 1308 898 Nam

77 942 279 1010 manifestius
302 948 360 1021 est,
384 959 480 1028 quam
503 950 539 1008 ut
563 939 748 1027 probatione
771 948 878 1026 egeat;
902 940 978 1006 alias
1001 939 1147 1025 pluribus
1169 956 1308 1024 agemus,

77 1049 130 1115 ubi
159 1057 267 1116 restra
293 1048 466 1116 viderimus
489 1065 648 1135 responsa.

608 1256 796 1330 Gonlbletiu.

171 1477 253 1542 Sane
276 1475 349 1560 plus
371 1474 446 1541 satis
470 1474 530 1542 iam
555 1473 676 1560 pridem
700 1481 748 1541 est
770 1475 900 1553 dictum,
917 1491 979 1540 non
1000 1471 1091 1540 modo
1114 1472 1144 1538 in
1170 1471 1311 1558 superio

82 1581 125 1649 ris
147 1582 304 1650 articuli1
326 1582 546 1662 declaratione,
570 1599 681 1650 verum
705 1582 798 1650 etiam
824 1581 854 1647 in
878 1579 1141 1648 declarationibus
1159 1579 1311 1658 omnium,

81 1697 178 1774 atque
202 1689 280 1756 adeo
304 1689 334 1756 in
359 1696 404 1756 tot
428 1688 540 1756 libellis
562 1697 657 1775 atque
680 1688 884 1758 concionibus
912 1685 1169 1765 venenatissima,
1192 1685 1312 1772 aliquot

83 1793 143 1862 iam
167 1813 269 1863 annos
292 1795 322 1862 in
346 1796 455 1863 orbem
477 1795 518 1862 ab
541 1795 599 1862 ista
619 1795 750 1863 factione
767 1801 871 1862 vestra
886 1793 1103 1872 disseminatis
1121 1811 1231 1860 revera
1247 1791 1312 1877 ple

84 1901 131 1968 nis
155 1910 336 1970 vestrarum
362 1902 520 1970 fraudium
544 1910 575 1970 et
599 1903 859 1987 imposturarum,
875 1901 993 1988 quibus
1008 1899 1178 1986 simplicem
1195 1899 1310 1966 Christi

85 2008 281 2092 plebeculam
305 2009 383 2076 adeo
407 2009 521 2076 misere
544 2027 616 2076 cum
640 2017 786 2076 aeternae
810 2007 921 2074 salutis
955 2007 1076 2074 iactura
1098 2004 1251 2090 decipitis,
1276 2011 1312 2072 ut

86 2115 226 2198 proiecto
249 2115 300 2182 hic
323 2133 381 2183 nec
404 2123 547 2200 repetere
570 2133 627 2182 nec
661 2114 776 2182 addere
798 2114 968 2201 quicquam
993 2115 1032 2180 sit
1055 2131 1144 2200 opus.
1175 2115 1211 2178 lt
1234 2111 1310 2178 nibil

86 2220 240 2290 hactenus
254 2241 273 2288 a
289 2223 377 2290 vobis
392 2223 499 2302 solide,
515 2229 694 2290 constanter
710 2230 741 2289 et
757 2239 831 2310 vere
848 2220 1015 2306 probatum
1031 2220 1219 2286 audivimus.
1237 2219 1312 2286 Nam

87 2328 300 2396 manifestiora
322 2337 396 2396 sunt
419 2329 589 2410 mendacia,
613 2347 739 2397 errores
772 2335 804 2396 et
827 2329 974 2396 haereses
998 2334 1130 2406 vestrae,
1154 2344 1249 2412 quam
1276 2333 1311 2392 ut

89 2435 150 2502 ulla
175 2435 359 2522 probatione
390 2454 465 2504 vera
494 2436 701 2504 demonstrari
731 2443 857 2522 queant.
884 2435 1025 2514 Proinde,
1049 2432 1312 2521 quemadmodum

88 2558 142 2608 nos
157 2542 199 2609 ab
223 2541 335 2608 initio²
359 2543 485 2628 polliciti
503 2561 626 2622 sumus,
642 2559 727 2609 nunc
743 2542 831 2627 quasi
851 2542 1013 2608 velitanles
1028 2540 1132 2606 omnia
1149 2539 1258 2606 leviter
1282 2545 1314 2606 et

89 2649 245 2716 succincte
268 2648 401 2736 agimus,
425 2648 625 2734 postmodum
650 2649 822 2714 instaurata
837 2648 920 2714 serio
936 2665 1041 2732 progna
1056 2645 1202 2732 pluribus
1217 2653 1313 2730 atque

90 2754 289 2836 gravioribus
311 2755 413 2822 acturi
437 2755 552 2834 omnia,
577 2755 630 2821 ubi
655 2755 752 2822 verba
768 2772 917 2839 responsa
933 2752 1105 2820 viderimus
1120 2751 1313 2820 discussione

90 2866 119 2925 et
141 2861 288 2930 examine
310 2861 464 2948 digniora,
488 2880 582 2947 quam
616 2863 782 2946 hucusque
813 2859 1001 2926 obtuleritis.
1035 2859 1131 2926 Porro
1165 2850 1312 2944 quoniam

91 2965 164 3036 baec
188 2975 237 3036 est
260 2969 326 3055 ipsa
349 2969 472 3047 lielena,
497 2987 554 3055 pro
577 2987 640 3054 qua
663 2968 765 3034 omnis
789 2967 886 3034 nostri
911 2967 1008 3033 seculi
1039 2964 1312 3032 tumultuosissimi

90 3073 266 3160 digladiatio
288 3083 434 3162 suscepta
457 3084 514 3154 est,
538 3082 570 3142 et
592 3093 656 3160 quo
680 3073 774 3141 veluti
800 3091 930 3159 scopum
965 3073 1117 3139 hactenus
1140 3071 1221 3138 dicta
1245 3089 1314 3156 spe-

91 3187 174 3248 ctant
196 3183 302 3250 omnia
322 3181 488 3270 (siquidem
514 3181 640 3250 Palatini
665 3199 757 3248 canes
780 3181 830 3248 isti
855 3187 887 3246 et
909 3179 1030 3247 barbati
1055 3180 1241 3258 Thrasonem
1257 3196 1315 3244 au-

91 3284 137 3353 lici
163 3288 334 3374 praecipui,
362 3288 504 3356 lactiunis
538 3296 660 3356 vestrae
694 3287 800 3367 duces,
826 3287 947 3372 patroni
979 3293 1075 3372 atque
1111 3291 1314 3370 protectores

92 3393 167 3461 nibil
189 3403 246 3462 aut
275 3402 361 3464 certe
392 3413 504 3480 parum
535 3413 631 3463 curae
663 3395 780 3462 babent
809 3395 847 3461 de
871 3393 1002 3460 veritate
1025 3391 1218 3459 Christianae
1242 3390 1314 3456 reli·

92 3501 188 3584 giunis
211 3511 243 3569 et
266 3503 424 3569 humanae
446 3503 556 3570 salutis
580 3504 710 3580 ratione,
727 3511 759 3568 at
775 3501 915 3568 nonnulli
940 3501 1049 3568 atheos
1073 3499 1103 3565 in
1121 3505 1246 3584 pectore
1262 3515 1314 3581 ge-

93 3614 206 3676 stantes
229 3609 289 3676 sub
312 3609 407 3676 vestri
433 3609 523 3677 istius
554 3609 708 3695 Evangelii
741 3608 893 3675 relamine
922 3607 999 3672 nihil
1030 3613 1155 3691 praetor
1179 3605 1314 3690 rapinas,

93 3715 261 3800 sacrilegia,
284 3715 493 3784 othonorum
518 3716 801 3784 Ecclesiasticornm
825 3713 1081 3799 depraedationes
1103 3711 1226 3778 assidue
1251 3728 1314 3777 me-

93 3819 254 3904 ditantur),
278 3822 393 3890 idcirco
418 3830 704 3908 praesupponentes
727 3841 769 3888 ex
794 3821 840 3900 iis,
858 3839 939 3906 quac
957 3820 1017 3885 iam
1033 3825 1105 3884 antu
1121 3817 1314 3885 demonstra·

95 3927 193 3995 uimus
216 3947 291 3995 vera
313 3947 381 3997 esse
404 3947 441 3996 ac
464 3929 494 3995 in
520 3929 617 3996 verbo
640 3930 694 3996 [lei
719 3929 864 4006 stabilita,
889 3945 970 4014 quae
993 3925 1074 3992 dicta
1105 3930 1180 3990 scrut
1201 3923 1239 3990 de
1264 3941 1314 3990 re-

95 4036 250 4104 neratione
274 4045 467 4115 sanctorum,
489 4035 528 4103 de
552 4036 737 4122 purgatione
760 4035 968 4102 mediocrium
992 4033 1180 4110 animarum,
1204 4030 1242 4096 de
1265 4047 1313 4094 sa-

95 4142 268 4222 cramentis,
292 4142 330 4210 de
354 4143 538 4222 sacerdotio,
562 4143 600 4212 de
623 4143 735 4210 missae
759 4141 923 4220 sacrificio,
939 4140 977 4207 de
994 4138 1199 4225 applicatione
1218 4137 1316 4222 ipsius

163 4393 171 4426 ¹
193 4397 276 4460 Supra
296 4395 360 4448 220.

164 4481 174 4512 ¹
194 4483 238 4538 ³l.
