3390 5096
360 236 422 302 lta
675 253 871 304 coururnrro
893 253 1127 304 turuunumsur
1150 253 1267 302 numer.

446 378 522 444 Nam
546 379 591 445 uti
617 381 724 463 paucis
746 377 934 464 quibusdam
952 377 1170 464 purgatorium
1185 377 1398 456 adstruamus,
1415 395 1523 444 nonne
1541 377 1591 443 vel

206 499 328 597 resurgit
357 485 443 554 solus
466 484 517 551 ille
552 485 678 552 locus
670 502 774 570 ipsum
810 483 1026 551 constituerit.
1063 483 1258 602 Quicunque
1289 483 1413 550 dicerit
1445 482 1590 550 vudum
1661 537 1662 564 q

206 553 331 703 baffi&
297 606 331 656 ¹¹
358 599 475 660 eontra
496 589 605 674 filium
629 587 784 668 dominia,
808 589 992 656 remittetur
1013 590 1063 667 ci:
1086 589 1146 678 qui
1167 597 1279 656 uuum
1311 588 1435 656 dicerit
1465 597 1590 654 caretro
1661 615 1662 648 ;

280 689 286 703 ’
357 697 515 784 spiritum
538 705 704 774 eductum,
728 715 794 762 mort
817 693 908 778 (tlt)
931 696 1117 763 remittetur
1151 695 1183 761 ei
1205 715 1305 784 acque
1328 695 1365 761 iu
1387 692 1447 762 doc
1475 694 1591 760 seculo

255 817 284 862 u.
300 817 333 860 ¹⁸·
356 823 458 892 neque
480 805 516 870 tu
538 801 668 890 futuro.
693 803 736 869 ln
761 820 822 869 non
846 802 939 869 sicuti
962 801 1108 870 Christus
1132 801 1215 887 apud
1249 803 1392 868 loannem
1417 801 1515 867 Pilato
1541 818 1589 866 re-

356 910 522 996 spondens,
546 927 679 996 reguum
703 925 797 976 suum
814 925 875 975 non
892 926 960 976 esse
975 907 1014 975 de
1032 909 1091 976 hoc
1108 907 1236 985 mundo,
1253 906 1415 974 confessus
1429 913 1476 974 est
1492 907 1590 973 iuxta

355 1033 462 1083 sacros
484 1015 637 1094 doctores,
662 1033 706 1094 se,
729 1015 786 1082 etsi
811 1032 871 1081 non
897 1013 993 1081 huius
1023 1013 1143 1089 mundi,
1167 1021 1271 1080 tamen
1303 1011 1435 1079 alterius
1458 1012 1589 1098 generis

355 1121 472 1189 habere
497 1139 649 1207 regnum;
673 1121 716 1188 ita
751 1120 802 1187 hic
834 1137 979 1188 asserens
1009 1119 1094 1205 apud
1126 1119 1328 1198 llattllaeum,
1360 1125 1525 1203 peccatum
1554 1119 1587 1184 in

355 1227 502 1313 spiritum
527 1235 671 1294 sanctum
694 1245 755 1294 nou
780 1227 897 1294 remitti
921 1244 978 1294 nec
1001 1226 1032 1293 in
1057 1225 1212 1311 praesenti
1244 1243 1302 1292 nec
1332 1225 1364 1292 in
1389 1225 1509 1304 luturo,
1537 1225 1590 1290 iti-

354 1333 426 1402 dem
449 1351 468 1400 a
490 1333 648 1400 contrario
671 1351 765 1400 sensu
789 1331 950 1400 consessus
973 1339 1030 1412 est,
1055 1339 1217 1418 peccatum
1233 1347 1312 1412 esse,
1335 1331 1419 1417 quod
1444 1332 1502 1398 etsi
1522 1351 1587 1397 non

355 1439 386 1506 in
412 1441 566 1525 praesenti
590 1440 708 1519 seculo,
731 1447 835 1506 tamen
859 1439 890 1505 in
914 1439 1024 1506 iuturo
1049 1437 1213 1506 relaxetur
1226 1441 1248 1504 ¹.
1265 1438 1341 1504 Nam
1360 1437 1390 1503 in
1417 1437 1589 1523 Evangelio

235 1561 283 1606 tu.
299 1561 333 1606 ro.
356 1545 488 1613 verbum
513 1545 741 1624 abbreviatum,
766 1562 805 1612 ne
827 1562 911 1630 aper
934 1544 1061 1630 quidem
1082 1543 1182 1610 otiose
1206 1561 1242 1610 ac
1275 1560 1508 1629 supervacanee
1534 1561 1589 1628 pu

355 1651 434 1720 situs
458 1651 541 1718 credi
565 1651 667 1719 debet.
692 1651 750 1719 Sed
774 1651 828 1718 ulti
852 1650 976 1718 tandem
1001 1659 1164 1737 peccatum
1195 1651 1226 1716 in
1251 1649 1359 1718 luturo
1393 1650 1501 1716 seculo
1535 1667 1588 1715 re-

199 1771 248 1817 tu·
263 1773 332 1826 eus.
356 1757 520 1824 mittetur?
544 1759 624 1824 Num
648 1759 678 1824 in
702 1757 812 1825 coelo?
835 1759 871 1823 lt
893 1757 932 1823 de
955 1757 1080 1826 coelesti
1105 1757 1298 1824 Hierusalem
1316 1756 1360 1822 ait
1376 1755 1497 1823 Esaias:
1524 1756 1588 1820 Via

354 1861 449 1948 luctu
471 1863 656 1942 vocabitur,
679 1883 746 1930 nou
770 1863 927 1930 transibit
954 1883 1015 1948 per
1049 1883 1123 1930 eum
1153 1863 1312 1949 pollutus.
1339 1863 1374 1930 Et
1397 1862 1528 1930 loannes
1554 1862 1586 1927 in

185 1983 336 2041 emutat·
356 1967 545 2036 revelatione
568 1971 627 2035 ait:
654 1967 727 2036 ulcu
750 1967 889 2036 intrudit
912 1969 948 2036 iu
970 1988 1010 2035 eu
1044 1969 1176 2058 aliquid
1210 1967 1474 2056 coinquinatum.
1500 1967 1586 2034 Num

356 2074 386 2141 in
411 2081 552 2141 tartaro?
575 2077 611 2142 dt
635 2075 697 2142 illic
720 2075 807 2142 nulla
830 2075 991 2154 remissio;
1014 2075 1069 2161 qui
1093 2075 1177 2143 enirn
1202 2075 1278 2141 illuc
1302 2073 1482 2152 mittuntur,
1504 2081 1587 2140 eunt

203 2195 277 2240 rou.
291 2195 326 2248 aa.
354 2178 390 2245 iu
413 2179 521 2266 iguem
544 2187 576 2247 et
598 2180 801 2267 supplicium
823 2191 1006 2258 ueternum,
1023 2187 1054 2248 et
1077 2178 1192 2248 diulus
1215 2180 1331 2266 iugem
1352 2179 1433 2246 iuter
1456 2179 1585 2246 coelum
1661 2189 1662 2208 ²

185 2249 281 2354 dieii}
294 2301 329 2346 av.
353 2293 385 2353 et
407 2291 562 2352 tartarum
597 2285 755 2371 firmatus
777 2295 834 2365 est,
859 2294 895 2354 ut
927 2304 987 2353 uon
1011 2288 1052 2353 sit
1075 2295 1207 2354 mutuus
1230 2285 1392 2372 utrimque
1418 2285 1582 2352 transitus.
1661 2325 1662 2340 κ

353 2392 458 2458 Restat
481 2391 588 2478 igitur,
613 2393 716 2460 locum
739 2410 806 2459 esse
828 2391 986 2478 quendam
1021 2392 1158 2460 medium
1190 2400 1222 2459 et
1254 2391 1449 2478 purgationis
1472 2409 1585 2458 carce·

353 2515 431 2576 rem,
455 2497 625 2566 levioribus
647 2497 836 2584 quibusdam
859 2499 969 2584 culpae
986 2499 1117 2565 maculis
1141 2499 1173 2565 in
1189 2498 1300 2566 luturo
1316 2499 1422 2566 seculo
1438 2497 1584 2564 eluendis

352 2603 551 2683 destinatum,
575 2604 659 2689 quod
685 2603 818 2671 Ecclesia
842 2604 1059 2690 purgatorium
1084 2605 1229 2690 appellat.
1255 2605 1316 2672 lloc
1332 2621 1407 2671 sane
1431 2603 1498 2670 loco
1522 2621 1583 2670 ceu

351 2709 549 2794 apertissimo
572 2709 665 2777 simul
689 2716 720 2777 et
742 2710 967 2788 efficacissimo,
991 2711 1195 2796 lugustinus‚
1213 2710 1384 2796 Gregorius
1399 2716 1431 2776 et
1446 2709 1582 2776 Bernar-

351 2815 411 2883 dus
434 2815 465 2882 in
490 2816 662 2902 purgatorii
686 2816 898 2884 adstructione
922 2816 970 2883 usi
994 2817 1247 2902 comperiuntur,
1273 2833 1375 2902 neque
1412 2816 1497 2882 ullus
1522 2835 1582 2882 un-

351 2939 447 3007 quam
470 2921 643 2988 catholicus
666 2922 866 2989 contradixit.
891 2922 1007 2989 Verum
1023 2922 1130 2989 audite
1148 2923 1256 2990 tubam
1274 2922 1429 3008 Evangelii
1448 2923 1580 2990 Paulum

352 3044 413 3094 non
438 3026 529 3094 modo
551 3027 746 3094 adserentem
770 3027 999 3113 purgatorium,
1023 3027 1077 3095 sed
1104 3027 1198 3095 etiam
1222 3045 1300 3113 pene
1323 3028 1424 3113 ipsius
1446 3029 1582 3114 qualita-

351 3140 414 3200 tem
437 3138 469 3200 et
492 3133 596 3199 locum
620 3133 802 3200 nominatim
827 3135 1047 3218 explicantem.
1073 3135 1149 3202 Nam
1173 3134 1212 3202 de
1236 3151 1335 3220 poena
1360 3134 1462 3202 locum
1485 3133 1581 3200 talem

217 3287 223 3299 .
281 3285 287 3296 .
315 3285 322 3305 ‚
352 3238 463 3305 hauet:
490 3239 755 3318 Fundamentum
781 3239 982 3306 uliudttcmo
1002 3248 1107 3326 potest
1128 3259 1260 3326 ponere,
1282 3248 1417 3326 praeter
1440 3239 1477 3306 td
1491 3241 1583 3328 quod

292 3337 298 3350 '
348 3345 496 3430 positum
518 3355 574 3423 eat,
599 3345 686 3432 quod
709 3353 756 3410 eat
780 3345 871 3411 Iecur
897 3343 1058 3412 Christus.
1085 3345 1124 3414 St
1147 3346 1223 3434 quis
1246 3354 1358 3412 auten
1385 3347 1581 3431 superaedi-

349 3449 430 3535 ficat
451 3471 553 3536 super
575 3449 832 3536 fundumentum
856 3447 915 3516 too
938 3469 1077 3530 uterum,
1102 3461 1292 3538 argeutum,
1316 3451 1443 3536 lapidee
1456 3455 1581 3537 pretio-

349 3577 414 3635 sos,
451 3557 554 3642 liquo,
589 3555 716 3642 sertum,
739 3555 918 3642 stipulum:
943 3558 1209 3646 uniuscuiusque
1243 3577 1326 3644 opus
1360 3555 1581 3642 utuut'seslum

349 3664 431 3740 erit,·
454 3663 523 3730 dies
546 3663 632 3729 euim
655 3662 783 3729 domiui
797 3662 991 3742 dcclurudt't,
1007 3665 1095 3752 quod
1114 3665 1149 3730 iu
1170 3664 1245 3750 ique
1260 3662 1472 3743 revelabitur,
1491 3661 1581 3750 (115)

349 3777 379 3834 et
399 3763 664 3856 mriuacut'ueque
687 3789 770 3855 opus
793 3769 890 3857 quale
923 3769 967 3835 eit
999 3770 1086 3856 igniis
1117 3769 1281 3856 probabit.
1307 3769 1345 3837 st
1366 3769 1465 3836 cuius
1494 3789 1583 3856 opus

350 3876 522 3954 manserit,
539 3875 627 3963 quod
649 3875 942 3962 superaedificavit
958 3877 1136 3944 mercedem
1155 3875 1313 3963 occipiet;
1328 3875 1360 3944 u·
1375 3875 1474 3944 euius
1494 3896 1583 3962 opus

421 4161 430 4192 ¹
451 4166 511 4217 Ass.
530 4163 595 4216 tut:
618 4163 764 4216 «eldeum
784 4163 968 4228 igiturlocum
993 4163 1125 4216 mittentur
1150 4176 1197 4215 eae
1221 4177 1324 4230 omnes,
1345 4177 1415 4230 quae
1433 4177 1525 4216 secum
1546 4167 1583 4218 lc-

349 4257 409 4306 runt
427 4265 472 4305 aes
490 4251 611 4315 alienum,
630 4253 740 4316 lignum,
761 4255 875 4315 foenum,
893 4251 1025 4318 stipulam,
1044 4265 1114 4318 quae
1133 4251 1307 4304 novissimum
1326 4252 1501 4320 quadrantem
1521 4255 1582 4306 red·

349 4341 412 4394 dere
429 4339 535 4403 debent,
554 4354 622 4408 quae
641 4340 771 4393 eiusmodi
790 4347 852 4394 sunt
878 4339 1018 4394 obstrictae
1046 4347 1163 4407 peceato,
1191 4341 1264 4408 quod
1283 4342 1352 4394 iuxta
1373 4343 1531 4396 llattlraeum
1552 4344 1581 4396 in

348 4432 436 4483 tuturo
454 4429 542 4482 seculo
555 4429 651 4482 remitti
671 4434 764 4494 potest.
