3364 5092
382 319 444 386 lod
696 335 892 387 coururnrro
915 331 1145 386 nurunnsmsm
1168 337 1284 386 nautor.

779 585 983 653 luttcttttts
1006 587 1163 654 utullus
1180 589 1201 651 ¹.
1241 609 1245 616 ·

222 802 352 904 {lgm
469 799 570 866 Solam
595 798 688 866 iidem
713 799 883 868 iustificare
907 800 1075 866 homiuem.

906 1011 1081 1102 Responsio.

468 1209 554 1294 Apud
579 1210 679 1276 Deum
705 1209 914 1276 iustificamur
938 1210 1004 1276 sola
1027 1209 1098 1287 lide,
1130 1228 1191 1276 uon
1223 1209 1285 1287 illa,
1316 1227 1397 1295 quae
1429 1210 1459 1275 in
1491 1210 1619 1278 levium

379 1315 542 1383 hominum
567 1316 655 1384 labiis
679 1323 776 1394 namt,
800 1315 853 1384 sed
877 1334 959 1402 quae
990 1317 1021 1382 in
1047 1317 1227 1401 pectoribus
1257 1317 1419 1382 homiuum
1453 1316 1620 1401 profunde

378 1423 498 1490 radices
521 1424 622 1510 egerit
637 1441 693 1508 per
710 1423 842 1490 veroum
861 1423 926 1500 Del,
952 1441 1008 1508 per
1024 1423 1107 1509 quod
1125 1423 1209 1490 illius
1225 1423 1386 1508 promissis
1401 1422 1495 1489 sidem
1513 1422 1619 1489 habe

378 1547 451 1596 mus
462 1536 494 1597 ει
507 1530 752 1597 misericordiam
767 1529 992 1615 consequimur
1008 1547 1064 1614 ρετ
1080 1528 1251 1596 Christum.
1269 1530 1307 1595 lo.
1326 1529 1355 1596 3.
1375 1530 1461 1595 llum.
1480 1529 1513 1596 3.
1531 1537 1568 1596 et
1585 1529 1618 1594 l.

379 1635 496 1702 Verum
521 1635 644 1704 interna
669 1636 721 1702 illa
745 1635 863 1703 iustitia
887 1655 946 1702 uon
973 1643 1074 1720 potest
1090 1653 1158 1703 sese
1181 1637 1352 1714 continere,
1376 1635 1452 1722 quin
1471 1635 1503 1701 in
1530 1653 1619 1721 opus

378 1750 548 1810 externum
574 1751 720 1828 erumpat
743 1750 775 1810 et
799 1743 936 1810 lruotum
969 1743 1105 1829 aliquem
1138 1760 1179 1809 ex
1204 1760 1237 1809 se
1261 1741 1423 1828 producat,
1447 1759 1535 1826 qnae
1569 1745 1619 1808 est

379 1848 496 1916 iustitia
512 1855 646 1916 externa
662 1849 852 1936 minimeque
868 1850 982 1928 iurata,
999 1869 1061 1935 qua
1082 1868 1138 1934 ρετ
1161 1849 1324 1916 eharitatis
1339 1867 1434 1934 opera
1451 1851 1617 1916 internam

378 1954 528 2021 iustitiam
553 1962 715 2034 testamur,
739 1955 777 2023 de
801 1975 864 2042 qua
887 1956 1032 2022 Christus
1047 1957 1154 2022 llatlli.
1181 1958 1209 2022 tl.
1234 1963 1266 2022 ει
1283 1956 1396 2022 Paulus
1419 1963 1451 2022 ει
1467 1955 1616 2022 lacobus,

378 2061 463 2128 lton.
489 2062 520 2128 l.
545 2068 576 2128 el
601 2061 699 2130 lacob.
724 2065 754 2128 2.
779 2062 862 2129 Talis
885 2062 991 2148 itaque
1015 2061 1092 2128 unes
1115 2063 1253 2147 plantata
1279 2063 1309 2128 in
1334 2061 1482 2128 cordibus
1507 2062 1617 2127 homi-

378 2185 454 2234 num
478 2187 540 2235 non
565 2177 668 2253 polest
690 2169 744 2236 diu
770 2187 897 2236 manere
921 2170 996 2243 sola,
1020 2169 1072 2235 sed
1097 2187 1194 2254 opera
1217 2185 1259 2236 ex
1282 2187 1349 2235 sese
1374 2167 1548 2252 protrudit,
1580 2175 1616 2234 ut

377 2273 577 2354 dictumest,
601 2276 725 2361 quoties
749 2283 839 2342 nauta
862 2276 958 2342 luerit
980 2276 1257 2360 opportunitatem.
1282 2273 1388 2341 llatth.
1414 2277 1443 2339 7.
1467 2273 1536 2340 Non
1564 2291 1615 2340 so·

378 2381 443 2448 lum
468 2399 543 2466 ergo
568 2383 664 2449 lector
689 2381 814 2461 Paulus
838 2382 952 2448 Christi
980 2381 1133 2466 Evangelii
1151 2389 1302 2465 apostata,
1325 2380 1377 2448 sed
1400 2399 1457 2447 nus
1480 2397 1617 2466 quoque

377 2489 506 2567 scimus,
529 2489 691 2573 opiniones
714 2495 808 2573 alque
833 2489 987 2554 lrumauas
1010 2488 1221 2572 cogitationes
1238 2505 1319 2572 quae
1343 2486 1437 2554 ritum
1462 2486 1492 2552 io
1520 2485 1617 2552 nohis

378 2613 434 2680 ρετ
459 2594 552 2660 tidem
577 2613 638 2660 nou
664 2591 733 2680 (70)
752 2593 877 2672 habeut,
902 2613 962 2660 ooo
988 2595 1092 2660 valere
1115 2593 1198 2678 apud
1223 2594 1333 2672 Deum,
1358 2593 1473 2660 nedum
1499 2591 1616 2660 instili-

377 2718 450 2768 oare
474 2719 540 2768 uos.
565 2701 749 2768 summatim
775 2699 881 2785 itaque
904 2700 1047 2779 dicimus,
1072 2719 1132 2766 nou
1149 2718 1273 2767 omnem
1299 2700 1459 2779 iustitiam,
1484 2701 1539 2767 sed
1568 2699 1615 2764 iu-

377 2816 498 2874 ternam
524 2808 626 2873 solum
650 2825 717 2874 esse
733 2825 774 2873 ex
792 2807 857 2873 sola
873 2806 944 2885 lide,
960 2825 1041 2892 quae
1058 2806 1141 2872 lorus
1158 2805 1172 2838 ²¹
1190 2807 1314 2891 proruit
1331 2824 1388 2892 per
1404 2806 1486 2872 bona
1500 2823 1613 2892 opera.

898 3018 1087 3090 douiuialio.

466 3237 653 3322 Quanquam
678 3235 736 3302 ista
759 3235 886 3321 quidem
904 3235 1095 3302 uioderutius
1110 3236 1192 3302 dicta
1208 3243 1292 3314 suut,
1309 3253 1404 3321 quam
1430 3235 1461 3302 in
1478 3236 1613 3322 vulgum

378 3343 589 3420 disseminata,
614 3349 717 3408 tamen
742 3350 820 3427 quot
850 3350 924 3409 suut
949 3342 998 3408 liic
1022 3343 1204 3421 sententiae,
1229 3341 1356 3409 totidem
1389 3359 1487 3426 ρτορε
1522 3360 1613 3408 men-

378 3450 468 3516 dacia
484 3451 507 3514 ².
534 3448 688 3533 Principio
705 3466 852 3533 rrarnque,
869 3467 907 3514 an
934 3467 993 3514 uon
1012 3449 1095 3533 quod
1121 3449 1225 3515 statim
1242 3449 1272 3514 in
1291 3449 1393 3516 fronte
1410 3449 1613 3534 proponitur,

377 3555 682 3641 impudentissimum
700 3562 748 3621 est
764 3555 978 3620 mendacium:
997 3555 1082 3640 Apud
1103 3556 1200 3620 lleum
1219 3555 1427 3622 instituamur
1443 3555 1510 3621 sola
1527 3554 1612 3621 tide?

206 3661 271 3706 ”tlt
288 3663 320 3714 ¹¹»
335 3663 356 3707 ⁶·
377 3663 452 3728 Nam
477 3661 538 3727 lide
561 3659 688 3746 quidem
713 3678 769 3726 nos
793 3659 968 3740 instilioari,
991 3661 1177 3728 divinamus
1202 3661 1314 3746 passim
1336 3661 1450 3728 docent
1472 3661 1611 3747 eloquia,

376 3769 442 3836 sine
467 3768 527 3834 lide
543 3767 626 3834 enim
644 3767 712 3834 lieri
738 3785 798 3832 nou
818 3773 928 3852 potest,
953 3776 989 3835 ut
1004 3767 1076 3852 quis
1100 3767 1164 3833 lleo
1181 3767 1309 3852 placeat,
1334 3775 1367 3833 at
1389 3767 1454 3834 sola
1476 3785 1534 3834 nos
1551 3766 1611 3833 fide

375 3873 550 3952 iustificari,
574 3890 741 3958 nusquam.
758 3873 814 3939 L'lrl
839 3890 924 3939 nnnc
941 3873 1072 3940 verbum
1097 3873 1163 3952 Dei,
1182 3873 1236 3939 uli
1263 3891 1347 3939 nuno
1368 3873 1539 3958 scriptura,
1557 3871 1610 3939 nbi

439 3989 449 4010 ’
468 3987 536 4038 foris.

446 4175 456 4206 ¹
476 4177 572 4230 Totum
593 4178 664 4229 liuns
685 4174 840 4230 Articulum
859 4173 970 4229 tertium
989 4174 1040 4226 ium
1058 4173 1124 4226 tull
1140 4175 1255 4239 imprimi
1272 4175 1331 4227 terit
1351 4175 1394 4226 Dr.
1409 4173 1438 4228 C.
1457 4175 1488 4228 T.
1508 4175 1610 4242 Eugels·

376 4267 421 4319 loll
437 4265 463 4318 ln
482 4279 529 4319 sua
550 4264 776 4319 Commentatione
795 4265 852 4332 (pp.
873 4263 965 4326 5t-63)
985 4277 1065 4328 supro
1085 4263 1188 4315 laudula
1208 4277 1255 4329 pp.
1274 4265 1329 4314 att.

448 4353 620 4409 Herdormeus
638 4354 664 4406 ln
684 4351 769 4408 linoln
794 4367 819 4406 c.
848 4352 872 4404 l.
898 4352 1020 4415 ostendit,
1045 4353 1116 4418 quod
1140 4353 1222 4405 «lton
1248 4354 1301 4405 sola
1322 4352 1397 4417 tides,
1415 4353 1462 4406 sed
1482 4361 1508 4406 et
1527 4365 1606 4419 opera

374 4445 515 4508 exiguntur
534 4444 568 4495 ad
587 4449 709 4496 aeternae
729 4441 854 4494 felicitatis
874 4440 1085 4494 ronsecutionem
1100 4460 1124 4491 s.

446 4531 457 4563 ¹
476 4535 535 4588 Ass.
558 4534 622 4585 lid:
642 4534 711 4599 Quot
729 4530 820 4595 verba,
839 4536 876 4582 tot
895 4535 984 4584 suut...
1003 4529 1149 4582 mendacia.
