3390 5096
386 279 447 343 176
699 295 895 345 courorltrro
919 297 1151 344 uorunnnmstu
1175 297 1292 346 nautor.

382 437 445 506 que
468 419 566 505 legem
590 420 739 505 scriptam
765 421 904 487 bumano
927 421 1034 506 generi
1058 422 1161 488 abeo
1177 439 1233 507 per
1250 423 1353 490 Mosen
1369 422 1490 500 datam,
1509 430 1618 506 utpote

383 525 459 612 legis
482 526 606 594 innatae
642 527 883 612 reparationem,
906 527 1007 595 simile
1042 527 1251 594 sacerdotium
1287 527 1447 606 babuisse,
1473 527 1618 596 videlicet

382 640 563 710 externum,
581 631 702 702 visibile
717 651 754 700 ac
778 633 873 700 certis
890 633 1106 700 tautummodo
1128 633 1273 719 personis
1294 653 1313 700 a
1339 634 1402 702 lieo
1417 651 1618 710 concessum,

382 738 488 806 notius
510 745 558 806 est
580 757 621 806 er
646 740 762 806 veteris
785 741 985 807 instrumenti
1009 740 1107 819 libris,
1130 758 1225 825 quam
1251 739 1340 807 utad
1365 741 1424 806 boc
1447 740 1617 808 ostenden-

381 845 458 911 dum
483 844 621 912 laborem
647 845 807 913 insumere
829 852 982 931 oportent.
999 847 1076 930 Quis
1099 846 1182 912 enim
1199 847 1333 932 ignorat,
1357 847 1421 914 illic
1444 865 1546 913 unam
1563 847 1618 911 tri-

258 968 323 1013 mu-
338 967 360 1011 t.
384 951 459 1018 bum
486 952 639 1018 leviticam
663 953 694 1018 in
721 952 931 1019 ministerium
956 951 1150 1019 tabernaculi
1167 959 1199 1018 et
1221 951 1330 1020 altaris
1344 953 1495 1020 dominici
1522 951 1618 1018 tuisse

382 1058 533 1125 divinitus
563 1058 704 1136 electam,
728 1059 805 1126 adeo
828 1065 865 1124 ut
895 1077 957 1127 non
974 1058 990 1091 *
1013 1058 1105 1125 modo
1135 1057 1225 1139 Core,
1250 1059 1371 1126 liatban
1387 1058 1422 1092 ²*
1445 1067 1477 1126 et
1500 1059 1615 1125 Abiron
1687 1111 1688 1134 ,

245 1181 359 1226 uruat.
383 1164 574 1232 sacerdotale
598 1164 736 1232 officium
761 1164 819 1232 sibi
851 1173 1054 1250 usurpantes
1079 1166 1143 1232 lieo
1174 1166 1359 1242 vindicante,
1390 1185 1409 1232 a
1434 1171 1524 1232 terra
1557 1164 1617 1230 sint
1687 1159 1688 1166 ’

382 1270 533 1356 absorpti,
558 1271 786 1338 verumetiam
812 1289 901 1357 reges
923 1271 1061 1356 alioquin
1086 1272 1185 1351 uncti,
1212 1279 1244 1338 at
1274 1272 1416 1340 diversae
1441 1271 1559 1349 tribus,
1583 1276 1617 1335 ut

383 1377 456 1443 Saul
480 1385 510 1443 et
534 1376 635 1454 Ozias,
660 1378 719 1443 boc
744 1377 846 1461 ipsum
882 1377 1022 1445 iaciendo
1046 1378 1145 1444 Deum
1169 1379 1308 1463 graviter
1331 1378 1499 1445 offendisse
1525 1373 1616 1458 (tlt)

222 1500 241 1545 r.
258 1501 310 1556 aa..
326 1498 359 1543 m.
383 1483 539 1568 legantur,
556 1501 693 1568 qnorum
719 1483 770 1551 ille
793 1484 880 1568 regni
905 1483 954 1550 sui
973 1483 1134 1550 interitum
1151 1483 1258 1550 divina
1280 1483 1400 1551 ultione
1414 1483 1549 1568 accepit,
1567 1482 1616 1547 bic

225 1607 247 1651 a.
262 1607 311 1652 ru.
325 1605 360 1651 at.
384 1589 471 1674 lepra
495 1597 624 1675 repente
647 1607 665 1655 a
688 1589 814 1657 domino
838 1608 1009 1676 percussus
1032 1597 1079 1657 est
1106 1590 1144 1657 ad
1176 1591 1258 1658 diem
1290 1608 1393 1677 usque
1415 1590 1525 1658 obitus
1557 1588 1615 1654 sui.

383 1695 475 1780 Quid,
498 1696 582 1780 quod
607 1697 637 1762 in
663 1698 720 1763 bac
746 1697 813 1782 ipsa
836 1697 921 1763 tribu
946 1697 1069 1764 levitica
1092 1715 1131 1764 ne
1154 1715 1263 1764 omnes
1285 1697 1412 1783 quidem
1435 1697 1508 1776 riri,
1527 1703 1565 1762 ut
1580 1695 1616 1760 de

383 1803 491 1888 pueris
514 1809 545 1869 et
568 1803 755 1870 mulieribus
778 1810 908 1882 taceam,
932 1803 1115 1870 sacerdotali
1141 1804 1233 1870 titulo
1256 1811 1347 1870 erant
1369 1803 1534 1888 insigniti?
1559 1801 1615 1868 Sed

383 1927 564 1994 quanquam
589 1927 700 1976 omnes
722 1909 848 1994 quidem
874 1909 904 1975 in
931 1910 1139 1976 ministerium
1171 1909 1288 1977 domini
1320 1917 1410 1976 erant
1432 1909 1538 1986 acciti,
1572 1915 1617 1974 ta·

384 2033 454 2082 men
479 2015 529 2080 alii
553 2033 664 2082 eorum
688 2015 757 2083 aliis
782 2017 968 2083 muneribus
991 2016 1145 2083 obeundis
1167 2024 1259 2084 erant
1281 2015 1436 2096 destinati,
1460 2013 1615 2101 quemad-

385 2121 512 2188 modum
539 2122 676 2199 llxodns,
700 2122 855 2189 leviticus
878 2130 909 2189 et
934 2122 1012 2189 liber
1029 2123 1239 2191 Numerorum
1257 2123 1348 2208 plane
1371 2129 1540 2188 testantur.
1559 2121 1616 2186 lie·

383 2229 479 2315 niqne
504 2247 595 2295 nemo
619 2229 666 2296 vel
694 2228 893 2296 mediocriter
920 2229 1032 2296 dricms
1064 2229 1197 2315 ignorat,
1232 2247 1327 2314 quam
1362 2227 1463 2295 multa
1497 2227 1614 2313 passim

383 2335 529 2420 legantur
554 2335 583 2400 in
609 2335 725 2402 veteris
749 2334 949 2402 instrumenti
975 2335 1075 2414 libris,
1098 2342 1130 2402 et
1153 2335 1305 2420 legalibus
1339 2343 1370 2402 et
1393 2335 1555 2402 historicis
1585 2340 1614 2398 et

384 2441 571 2526 hymnidicis
594 2449 625 2508 et
649 2441 849 2527 propheticis,
873 2440 912 2508 de
936 2443 1073 2527 propriis
1097 2448 1164 2508 tum
1181 2441 1292 2509 olliciis
1316 2447 1382 2508 tum
1405 2441 1486 2507 vitiis
1511 2457 1613 2507 sacer·
1687 2491 1688 2536 ,

382 2548 502 2626 dotum,
528 2555 563 2614 ut
587 2549 663 2614 nulli
688 2547 820 2615 dubium
845 2566 912 2614 esse
937 2549 1043 2634 possit,
1060 2549 1091 2615 in
1113 2549 1180 2634 lege
1197 2549 1327 2615 llosaica
1342 2547 1439 2615 luisse
1455 2546 1612 2634 quoddam

383 2663 553 2721 externum
578 2673 614 2721 ac
632 2655 752 2721 visibile
768 2655 990 2733 sacerdotium,
1007 2674 1069 2722 non
1086 2655 1177 2722 modo
1195 2673 1255 2721 non
1272 2672 1441 2721 commune
1457 2653 1487 2720 in
1505 2668 1614 2721 omnes

383 2761 552 2844 utriusque
576 2779 674 2828 sexus
696 2768 728 2828 et
751 2763 906 2847 cuiusque
929 2763 1039 2828 aetatis
1063 2762 1215 2841 homines,
1239 2760 1292 2829 sod
1316 2779 1356 2828 ne
1370 2761 1402 2828 in
1418 2777 1530 2827 omnes
1546 2757 1613 2844 qoi-

383 2866 454 2933 dem
478 2867 563 2934 viros
587 2867 682 2934 unius
705 2868 909 2954 eiusdemque
934 2869 1035 2934 tribus
1053 2869 1202 2936 leviticae.
1227 2871 1262 2934 tlt
1285 2885 1372 2947 vero,
1395 2867 1545 2953 quoniam
1564 2866 1613 2932 len

384 2980 477 3040 retus
500 2973 632 3040 llosaica
655 2973 714 3040 luit
740 2983 832 3059 typus
855 2983 887 3042 et
910 2976 1024 3041 umbra
1040 2993 1138 3042 novae
1163 2973 1240 3060 legis
1263 2974 1476 3060 Evangelicao,
1491 2972 1612 3040 dicente
1687 3025 1688 3054 ,

228 3094 361 3192 ''⁰⁰1'’¹⁰
385 3080 548 3164 Apostolo:
576 3079 735 3146 Omrtio
722 3099 757 3145 m
780 3079 897 3166 liparo
920 3079 1150 3166 eontinpedout
1172 3078 1251 3160 iilia,
1283 3097 1395 3165 nempe
1421 3079 1553 3155 ludaeis,
1584 3081 1613 3142 et

223 3202 289 3248 uetr
299 3200 366 3254 tot
387 3205 519 3253 rursus:
549 3185 707 3253 Umbram
732 3186 826 3254 babet
857 3186 908 3253 me
938 3185 1139 3273 solimorum
1170 3185 1345 3264 banormum
1368 3192 1400 3254 et
1432 3182 1613 3270 Evangelioa

387 3292 439 3358 lex
463 3300 511 3358 est
534 3291 702 3376 utriusque
728 3292 813 3377 legis,
839 3298 900 3358 lam
918 3293 1051 3372 innatae,
1068 3310 1163 3377 quam
1187 3292 1321 3377 scriptae
1345 3290 1612 3364 consummatio¹

387 3398 651 3483 quemadmodum
670 3399 700 3465 in
718 3399 819 3483 primo
835 3417 1006 3484 congressu
1022 3398 1181 3465 diximus:
1198 3436 1242 3447 —
1258 3397 1409 3465 nimirum
1434 3404 1470 3464 ut
1494 3396 1612 3482 figurae

386 3522 422 3570 ac
447 3504 579 3571 umbrae
604 3505 672 3584 lux,
697 3507 813 3572 veritas
836 3513 867 3572 et
891 3523 943 3573 res
965 3505 1032 3591 ipsa
1057 3504 1253 3590 respondeat,
1271 3520 1434 3572 necessum
1458 3509 1517 3580 est,
1534 3504 1611 3570 banc

385 3629 512 3696 quoque
537 3611 634 3696 legem
660 3612 875 3698 Evangelicam
899 3629 1014 3678 norum
1041 3609 1157 3678 babere
1173 3610 1393 3690 sacerdotium,
1416 3609 1547 3696 utrique
1562 3624 1612 3674 su·
1687 3599 1688 3632 l

385 3717 500 3802 periori
526 3718 696 3796 consimile,
721 3719 780 3785 boc
803 3727 850 3785 est
881 3725 1050 3786 externum
1082 3735 1117 3784 ao
1142 3717 1274 3796 visibile,
1297 3724 1364 3784 turn
1393 3715 1477 3801 quod
1510 3717 1610 3788 bomo,

385 3822 501 3908 duplici
527 3831 641 3890 natura
666 3824 777 3891 visibili
802 3842 837 3891 ac
869 3824 1014 3892 invisibili
1048 3830 1205 3903 constans,
1232 3823 1357 3909 gemino
1384 3821 1489 3888 itidem
1514 3820 1610 3896 cultu,

386 3929 531 3997 videlicet
555 3939 689 3998 externo
712 3939 743 3998 et
767 3931 891 3998 interno
916 3931 1013 3998 Deum
1038 3939 1211 3998 creatorem
1239 3947 1333 3997 suum
1359 3929 1462 3996 colere
1492 3929 1609 4000 debeat,

386 4042 453 4102 tum
477 4036 561 4122 quod
586 4037 794 4104 sacerdotium
820 4037 896 4104 illud
922 4038 1081 4104 internum
1105 4043 1200 4122 atque
1224 4035 1389 4114 invisibile,
1412 4035 1451 4102 de
1474 4053 1539 4120 quo
1555 4031 1610 4101 sub

386 4143 583 4226 praecedenti
607 4143 748 4210 diximus
775 4143 920 4222 articulo,
951 4143 1035 4209 omni
1073 4143 1130 4228 legi
1163 4142 1337 4227 aequaliter
1368 4141 1409 4208 sit
1438 4155 1608 4208 commuue.
1687 4203 1688 4208 ,

448 4274 460 4295 ·
481 4288 572 4322 ‹non›
592 4277 667 4324 deest.
1044 4275 1068 4296 '⁹
1086 4274 1170 4334 Chore,
1188 4275 1275 4322 Daton.

459 4481 468 4512 ¹
488 4481 526 4535 Ct.
545 4496 626 4548 sopra
646 4483 689 4535 60.

1118 4960 1205 4997 -
