3390 5096
219 2442 341 2541 diddo.

228 2761 344 2818 diepam

371 265 432 332 tet
679 284 875 335 conrururro
899 286 1130 336 nurnnnarusnr
1153 286 1269 336 numer.

366 409 416 476 ret
440 407 516 476 illud
540 427 638 476 unum
675 428 745 477 mea
774 409 901 496 quidem
934 411 1088 479 sententia
1110 411 1249 491 evicerit,
1272 410 1357 499 quud
1381 411 1501 478 beatus
1528 409 1605 478 Dio

366 516 485 600 nysius,
509 516 605 582 sancti
631 516 715 583 Pauii
746 516 931 602 discipulus,
955 515 1035 584 libro
1070 518 1212 586 coelestis
1242 517 1440 585 hierarchiae
1463 536 1541 604 cap.
1570 521 1602 583 n.

365 621 404 689 de
427 622 645 692 consecrandis
667 623 836 710 Episcopis,
859 625 1052 710 presbyteris
1073 631 1105 692 et
1126 623 1274 704 diaconis
1298 624 1448 692 nimirum
1465 643 1514 692 ex
1533 625 1604 691 ritu

367 729 598 814 Apostolorum,
621 737 684 796 tam
707 736 853 798 accurate
876 731 1072 816 praescribit.

455 838 492 902 dt
514 836 596 922 quod
621 837 778 904 unctionis
800 846 832 904 et
855 853 986 904 rasurae
1014 837 1107 906 tacita
1140 837 1274 924 quadam
1312 837 1456 906 irrisione
1489 836 1605 905 nomi-

367 941 462 1008 natim
487 939 577 1025 (154)
601 943 653 1009 bic
676 942 870 1022 meministis,
895 943 948 1028 qni
972 961 1030 1011 nos
1064 943 1265 1029 contemptim
1299 944 1415 1012 oleatos
1442 952 1474 1012 et
1504 961 1604 1010 rasos
1688 927 1689 996 ῗ

366 1048 524 1134 appellare
546 1049 670 1128 soletis;
694 1067 751 1117 nec
775 1049 955 1135 ignoramus
989 1069 1046 1118 nec
1080 1049 1262 1130 diffitemur,
1294 1059 1444 1119 nentrum
1473 1052 1601 1117 borum
1688 1101 1689 1104 ,

367 1154 518 1222 ordinatis
541 1156 684 1223 conterre
706 1157 838 1242 gratiam
862 1164 894 1224 et
916 1163 1100 1242 potestatem
1124 1156 1254 1237 ordinis,
1279 1157 1341 1225 imo
1363 1156 1484 1224 nultius
1498 1157 1603 1243 piano
1688 1147 1689 1216 ζ

368 1262 515 1329 momenti
539 1280 575 1329 ac
600 1262 745 1348 ponderis
767 1281 846 1341 esse,
871 1263 928 1332 nisi
959 1267 991 1331 'et
1021 1271 1172 1332 externae
1203 1263 1341 1332 unctioni
1366 1264 1511 1349 corporis
1537 1279 1601 1347 per
1688 1263 1689 1338 ξ

367 1369 471 1436 oleum
495 1369 681 1454 respondeat
711 1370 833 1437 interna
869 1370 983 1438 mentis
1016 1371 1124 1438 unctio
1159 1389 1215 1456 per
1242 1356 1386 1457 gratiam,
1410 1377 1442 1438 et
1474 1367 1598 1436 risibili
1688 1349 1689 1442 J

367 1476 477 1561 capitis
501 1493 629 1544 rasurae
652 1495 670 1543 a
694 1476 765 1562 pilis
788 1478 960 1544 consentiat
984 1477 1148 1546 invisibilis
1170 1477 1264 1545 animi
1290 1495 1401 1545 rasura
1417 1496 1436 1543 a
1453 1476 1599 1544 terrenis
1688 1521 1689 1542 2

367 1581 600 1667 cupiditatibus,
624 1600 760 1668 quorum
785 1591 958 1670 utrumque
989 1583 1123 1670 spiritns
1156 1591 1283 1651 sauctus
1314 1602 1370 1670 per
1393 1583 1514 1651 ordinis
1545 1599 1599 1649 sa-
1688 1563 1689 1605 *

367 1695 562 1756 crementum
588 1689 619 1756 in
642 1689 858 1757 sacerdotibus
887 1689 1039 1758 ordinatis
1068 1698 1230 1776 operatur,
1254 1691 1279 1758 si
1305 1689 1395 1758 modo
1418 1690 1501 1758 citra
1523 1687 1599 1756 obi·
1688 1713 1689 1782 ζ

368 1812 434 1862 cem
457 1795 614 1863 accedant.
639 1795 714 1863 Nam
737 1804 932 1863 sacramenta
954 1815 973 1862 a
995 1796 1120 1864 Christo
1143 1797 1285 1864 instituta
1308 1806 1393 1876 sunt,
1415 1814 1499 1882 quae
1517 1813 1598 1882 gra-

368 1902 442 1968 tiam
466 1901 641 1982 conierunt,
664 1903 858 1970 ceremoniae
881 1920 957 1970 vero
980 1906 1075 1990 torrae
1109 1903 1347 1971 macerarentalie
1370 1903 1465 1988 vulgo
1490 1901 1597 1968 nomi-

368 2009 497 2090 uantur)
522 2009 698 2094 magisterio
722 2009 852 2095 spiritus
875 2009 915 2076 ab
939 2011 1090 2095 apostolis
1113 2029 1172 2096 pro
1187 2016 1454 2078 sacramentorum
1472 2014 1594 2076 ornatu

367 2121 398 2182 et
422 2115 656 2182 honestamento
679 2116 810 2184 traditae
833 2124 918 2197 sunt,
943 2117 1027 2184 baud
1050 2123 1151 2184 tamen
1168 2117 1288 2203 absque
1303 2116 1435 2202 mystico
1450 2114 1594 2202 quodam

368 2221 552 2306 significatu.
576 2222 644 2306 Qua
666 2223 705 2290 de
729 2241 773 2302 re,
797 2223 821 2290 si
846 2223 918 2309 quis
940 2224 1033 2308 ptura
1067 2224 1147 2290 scire
1180 2224 1264 2304 vetit,
1295 2241 1406 2308 nempe
1437 2218 1592 2308 quemad-

368 2328 494 2396 modum
520 2327 616 2396 buius
639 2331 823 2397 sacramenti
848 2331 1043 2398 ceremoniae
1065 2349 1107 2398 ex
1131 2331 1347 2416 Apostolorum
1366 2328 1532 2396 traditione
1552 2323 1592 2392 ad

369 2453 426 2500 nos
449 2436 614 2515 manarint,
638 2437 753 2522 quidve
776 2436 906 2520 symboli
930 2443 1066 2517 teneant,
1084 2437 1110 2504 is
1130 2436 1211 2522 legat
1226 2437 1378 2503 Tbomam
1395 2434 1593 2508 Valdensem,
1688 2493 1689 2514 ,

369 2541 526 2609 uolumine
550 2551 640 2609 sexto
664 2541 917 2609 lucubrationum
942 2543 1011 2609 eius
1033 2551 1144 2610 contra
1167 2542 1347 2622 Victorinus,
1370 2541 1455 2627 quod
1478 2541 1518 2608 de
1541 2557 1593 2608 sa-

369 2649 537 2716 cramentis
561 2649 743 2716 inscribitur
768 2649 859 2716 tituto
883 2649 964 2728 Vit⁰;
987 2656 1019 2717 et
1034 2650 1176 2716 nonnihit
1198 2649 1237 2716 de
1254 2667 1366 2716 rasura
1389 2645 1592 2715 sacerdotalis

370 2755 494 2822 verticis
516 2754 600 2840 apud
624 2757 808 2841 Rupertum,
828 2755 901 2822 oiim
926 2754 1074 2823 abbatem
1105 2755 1281 2823 monasterii
1306 2755 1474 2822 Tuitiensis
1497 2771 1516 2821 e
1540 2769 1592 2819 re·

368 2862 458 2948 gioue
481 2861 578 2928 seticis
601 2861 786 2948 Agrippinae
809 2862 975 2930 Coloniae¹
1002 2863 1032 2929 in
1058 2863 1154 2930 Rheni
1180 2863 1248 2948 ripa
1271 2862 1332 2941 siti,
1347 2860 1467 2929 ordinis
1491 2857 1590 2927 sancti
1688 2929 1689 2940 ,

370 2969 534 3047 Benedicti,
559 2969 662 3035 virum
689 2977 812 3054 praeter
837 2971 918 3037 ritae
941 2969 1187 3049 sanctimoniam,
1203 2976 1235 3036 et
1249 2969 1392 3037 doctrina
1407 2975 1437 3035 et
1453 2967 1590 3034 dictione
1688 3009 1689 3014 ,

368 3092 440 3142 cum
464 3077 547 3142 omni
572 3075 757 3162 antiquitate
781 3084 952 3144 certantem
977 3077 1030 3144 lib.
1056 3077 1088 3142 u.
1111 3076 1150 3143 de
1172 3076 1287 3143 divinis
1308 3074 1420 3143 officiis
1442 3091 1511 3160 cap.
1536 3075 1590 3140 en.
1688 3075 1689 3096 ³

458 3183 552 3250 Porro
575 3201 612 3250 ea
634 3183 708 3263 duo,
731 3201 812 3269 quae
836 3201 892 3268 pro
916 3183 1068 3250 sententia
1092 3190 1195 3250 vestra
1218 3181 1370 3250 subiicitis
1392 3187 1590 3267 argumenta,

367 3307 479 3375 nempe
503 3289 597 3356 laicos
621 3307 720 3374 posse,
745 3290 797 3358 ubi
822 3297 966 3357 extrema
990 3299 1082 3376 urget
1105 3289 1282 3369 necessitas,
1305 3296 1336 3356 et
1361 3288 1520 3374 baptizare
1543 3287 1590 3354 in-

367 3396 483 3464 fantem
507 3402 538 3462 et
561 3397 753 3464 catechizare
776 3398 909 3464 Turcam
934 3405 990 3464 aut
1013 3397 1108 3463 atium
1132 3395 1304 3481 quemlibet
1328 3394 1494 3473 intidetem,
1512 3392 1590 3460 nibil

368 3503 482 3581 minus,
506 3521 600 3589 uuam
624 3504 693 3583 boc,
710 3504 792 3590 quod
819 3523 873 3572 ros
896 3523 953 3590 per
968 3523 1005 3571 ea
1022 3504 1126 3583 vultis,
1142 3503 1293 3583 efficiunt,
1316 3501 1465 3568 nimirum
1481 3517 1591 3568 omnes

368 3608 560 3676 Christianos
582 3627 623 3676 ex
647 3610 801 3696 baptismo
825 3616 1008 3696 potestatem
1033 3609 1149 3677 babere
1172 3609 1210 3676 ad
1234 3606 1457 3676 sacerdotalem
1479 3624 1591 3693 quam·
1688 3685 1689 3692 ἵ

368 3716 415 3783 ris
437 3715 627 3783 functionem
652 3717 879 3784 exercendam:
905 3724 971 3784 tum
995 3716 1078 3802 quod
1104 3725 1153 3800 tut
1176 3715 1369 3783 ostendimus
1392 3715 1423 3780 iu
1440 3713 1525 3782 calce
1540 3731 1591 3780 ar·

368 3822 453 3890 ticuti
480 3823 624 3909 proxime
647 3824 898 3909 praecedentis2)
922 3822 1085 3890 sacerdotii
1111 3830 1246 3912 potestas
1269 3821 1409 3889 consistit
1426 3821 1457 3887 iu
1482 3837 1590 3888 couse-

439 4130 552 4198 ¹Quam
571 4144 651 4196 saepe
679 4129 845 4183 Herbarueus
873 4125 1053 4198 Agrippinum
1076 4127 1215 4183 Cotombm
1243 4123 1420 4180 felicissimam
1449 4125 1590 4192 praedicet,

368 4222 463 4288 tegenti
482 4221 539 4273 eius
557 4221 652 4286 scripte
673 4221 698 4272 in
718 4220 857 4286 propatuto
884 4224 930 4270 est.
952 4217 1018 4270 Vide
1036 4231 1060 4270 e.
1079 4231 1106 4283 g.
1128 4215 1211 4271 Notos
1231 4217 1248 4268 S
1267 4214 1296 4281 b;
1315 4216 1388 4270 Mon.
1407 4215 1455 4280 Ep.
1477 4214 1589 4268 dedicat.

369 4313 390 4364 Α
409 4312 433 4363 3.
453 4313 471 4362 d
494 4307 528 4362 ib
548 4315 573 4362 et
592 4309 671 4365 dett.
690 4311 707 4362 S
727 4311 752 4361 a.
771 4337 806 4349 -
825 4308 893 4376 Quin
912 4307 990 4359 etiem
1004 4307 1029 4359 in
1043 4305 1199 4361 Encbirr'dt'o
1213 4305 1244 4374 (Α
1264 4303 1318 4372 ib)
1340 4325 1353 4352 α
1367 4302 1409 4359 Ad
1428 4301 1553 4358 tectorem
1566 4321 1590 4354 a:

369 4401 457 4463 Cuius,
477 4399 569 4466 inquit,
588 4414 638 4465 ego
655 4400 755 4462 laudae,
774 4399 839 4452 dum
860 4399 910 4450 ieta
929 4399 978 4450 bos
995 4401 1067 4450 ortus
1085 4401 1189 4462 regunt,
1209 4409 1260 4448 non
1279 4393 1390 4456 cessabo
1409 4406 1541 4446 resonme.

440 4489 554 4555 ’Supra
574 4491 663 4543 tat-2.
