3378 5082
357 297 399 364 28
672 313 869 364 coururauo
891 314 1122 363 turbenamsur
1147 315 1264 362 nanim.

356 438 429 524 plus
452 438 537 505 mille
559 437 650 504 aunis
672 438 838 524 sepultam,
862 437 951 506 nobis
975 439 1005 505 in
1031 438 1132 506 lucem
1164 447 1321 518 revocent,
1345 439 1482 508 maxime
1507 458 1584 507 uero

356 561 428 612 cum
454 545 530 612 tanti
554 543 679 612 Christo
702 562 797 612 suurn
820 544 995 612 constiterit
1012 545 1223 631 Evangelium,
1238 546 1356 632 quippe
1371 545 1463 613 cuius
1482 547 1584 631 gratia

356 651 434 718 nihil
458 653 489 718 in
515 651 574 718 boc
598 651 716 718 mundo
738 669 799 718 non
823 651 934 719 lecerit
955 659 1051 737 atque
1075 651 1193 719 tulerit.

445 758 603 842 Quorsum
628 757 716 837 baec,
741 757 888 844 inquies?
911 758 1045 824 Horsum
1069 775 1154 837 saue,
1178 765 1214 825 ut
1235 758 1400 848 inteiligas,
1416 777 1511 846 quam
1529 778 1584 845 pa-

206 877 330 977 affim·
357 882 428 930 rum
455 864 636 949 Euangeliou
658 881 694 930 ac
718 863 890 948 Apostolice
913 863 1075 930 nobiscum
1100 864 1221 950 egerint
1245 865 1276 930 in
1302 865 1458 932 llaluiauis
1480 865 1585 932 Com-

279 945 301 980 ⁰'
356 970 408 1038 tiis
430 970 502 1036 novi
526 969 575 1037 isti
600 970 718 1038 seilicet
742 971 953 1056 Evangellstae
976 976 1008 1038 et
1030 971 1176 1056 Apostoli,
1199 989 1358 1058 quamque
1383 988 1418 1039 re
1441 973 1508 1057 ipsa
1526 973 1585 1038 mi-

357 1078 439 1144 nime
464 1077 687 1162 praestiterim,
711 1075 795 1163 quod
821 1077 930 1156 videri,
955 1076 1075 1155 baberi,
1098 1076 1158 1144 dici
1182 1085 1214 1144 et
1237 1077 1338 1145 audiri
1364 1079 1503 1146 maxime
1527 1097 1585 1146 cu-

202 1197 277 1244 mm
285 1199 326 1297 ro,
302 1185 456 1299 piunt.
471 1185 545 1252 Nam
558 1183 722 1252 Christus
716 1203 746 1250 m
761 1184 926 1270 Evangelio
939 1184 1038 1251 returt
1050 1201 1116 1251 suls
1127 1184 1189 1251 ¹ad
1203 1201 1293 1270 reges
1302 1185 1524 1272 praesidesque
1534 1183 1582 1266 l2l

200 1251 338 1405 111111
358 1292 477 1370 tractis,
501 1309 541 1358 ne
565 1290 871 1375 praemeditareutur
894 1290 1105 1358 defensionem
1131 1307 1209 1358 nevo
1233 1290 1342 1358 soliciti
1367 1299 1482 1370 esseut,
1505 1291 1582 1378 quid

223 1359 284 1412 ¹¹¹.
357 1407 461 1465 essent
485 1397 685 1482 responsuri;
710 1397 854 1463 loturum
877 1396 971 1475 enim,
1004 1403 1040 1463 ut
1070 1395 1200 1482 spiritus
1230 1405 1358 1464 sanctus
1380 1414 1435 1464 cos
1456 1397 1585 1464 doceret

204 1519 224 1564 r
218 1519 333 1616 'lgm‘
358 1504 387 1570 iu
412 1503 520 1572 eadem
546 1503 635 1580 liora,
659 1502 808 1588 quidnam
832 1502 916 1570 dicto
938 1520 1019 1588 opus
1042 1503 1131 1570 soret
1150 1503 1297 1588 Princeps
1311 1521 1439 1590 quoque
1455 1506 1586 1589 tiposto

278 1605 284 1616 '
357 1610 460 1677 lorum
487 1609 628 1676 Petrus
621 1628 651 1674 m
678 1609 783 1694 priore
807 1609 898 1676 nobis
921 1610 1052 1694 epistola
1075 1609 1243 1694 praecepit,
1266 1617 1303 1676 ut
1333 1627 1457 1695 semper
1482 1611 1582 1696 parati

356 1717 456 1784 simus
478 1715 516 1782 ad
548 1715 800 1783 satislaciendum
832 1716 961 1783 cuilibet
992 1715 1107 1801 petenti
1144 1715 1296 1783 rationem
1320 1715 1359 1782 de
1381 1734 1418 1782 ea
1440 1733 1523 1801 quae
1554 1717 1584 1783 in

357 1823 387 1890 in
412 1823 502 1890 nobis
523 1829 570 1890 est
593 1840 658 1907 spa.
683 1824 720 1888 lit
742 1839 814 1889 cum
840 1821 1009 1889 Revereudi
1035 1831 1140 1907 patres
1166 1821 1305 1907 Episcopi
1338 1823 1498 1907 ceterique
1522 1823 1583 1890 Da-

357 1929 444 1997 nicae
467 1928 620 1996 Ecclesiae
644 1929 798 2013 primores
823 1929 876 1994 vix
901 1937 971 2014 post
995 1929 1128 2014 primam
1151 1927 1376 1996 hebdomadem
1399 1927 1583 2008 adcausam

357 2035 510 2103 Ecclesiae
533 2033 768 2120 proponendam
793 2036 895 2120 regias
917 2053 1012 2102 aures
1034 2035 1127 2114 nacti,
1152 2053 1210 2121 pro
1234 2053 1366 2102 munere
1381 2053 1440 2102 suo
1462 2035 1583 2121 regiam

357 2141 422 2208 lt*
445 2139 655 2226 oliicii'gladii
684 2147 715 2207 el
749 2140 950 2208 iurisiurandi
977 2141 1128 2209 Ecclesiae
1164 2142 1302 2227 praestiti
1334 2141 1584 2220 admonuissent,

356 2248 484 2334 querela
510 2246 669 2331 proposita
691 2245 730 2312 de
753 2246 1009 2332 plurimis'alque
1024 2247 1217 2332 gravissimis
1232 2247 1439 2329 contumeliis,
1456 2247 1583 2316 iniuriis

356 2364 388 2422 et
409 2354 532 2421 damnis
556 2371 703 2438 prorsum
733 2353 990 2431 intolerabilibus,
1025 2372 1107 2439 quae
1141 2353 1276 2432 Christo,
1313 2353 1475 2431 Ecclesiae,
1511 2353 1584 2432 sibi,

267 2499 270 2508 ·
356 2461 508 2547 gregique
530 2459 696 2537 dominico,
720 2459 790 2525 lrdei
815 2477 891 2526 suae
914 2459 1103 2537 concredito,
1126 2460 1246 2546 aliquot
1262 2461 1322 2526 iam
1340 2478 1438 2527 annos
1454 2459 1587 2545 impune

357 2584 413 2653 per
437 2565 672 2632 concionatores
703 2565 788 2644 istos,
817 2565 934 2632 scilicet
969 2565 1168 2651 Evangelicos
1202 2573 1233 2633 el
1271 2566 1471 2652 apostolicos,
1505 2585 1588 2652 quo

358 2672 430 2740 tidie
468 2673 696 2756 irrogarentur,
721 2671 814 2756 idque
848 2678 967 2756 septem
998 2681 1030 2738 ot
1062 2673 1167 2758 viginti
1198 2673 1341 2740 articulis
1374 2672 1497 2751 oblatis,
1535 2673 1589 2740 bic

358 2786 464 2864 postea
498 2777 755 2862 subscriptis³,
748 2796 780 2844 ur
815 2777 932 2862 quibus
967 2778 1163 2862 potissimum
1199 2779 1365 2846 haereseos
1398 2795 1589 2846 accusaren-

201 2899 335 2953 tusiveru-
358 2891 428 2952 tur:
453 2884 502 2950 isti
538 2883 577 2950 ad
612 2883 750 2950 obiectos
779 2883 930 2950 articulos
960 2884 1035 2950 all.
1069 2885 1105 2949 Μ.
1130 2885 1358 2970 respondere
1351 2885 1439 2964 russi,
1464 2891 1587 2970 postea·

196 2952 339 3049 ’11111Ἲῖ
357 3007 453 3077 quam
476 3007 584 3056 ornnes
607 2987 816 3056 delensionem
849 2989 1079 3074 criuiplusculos
1101 2989 1167 3057 dies
1202 3009 1266 3056 una
1300 2989 1437 3056 meditati
1469 2998 1586 3070 essent,

194 3057 339 3208 ffffffiss
358 3094 593 3181 tergiversando
616 3094 707 3180 plane
741 3113 777 3160 ac
809 3100 933 3178 tempus
955 3095 1132 3173 eximendo,
1158 3095 1281 3163 tandem
1307 3095 1377 3163 iidel
1414 3114 1500 3175 suae,
1529 3102 1586 3163 aut

357 3203 462 3288 potius
493 3201 641 3286 pertidiae
673 3199 823 3266 rationem
855 3199 1060 3278 declarantes,
1084 3201 1188 3268 nescio
1220 3221 1300 3288 quas
1336 3221 1435 3288 nugas
1471 3203 1586 3270 liauice

356 3309 447 3376 nobis
478 3308 628 3393 praeclari
660 3307 765 3391 operis
795 3305 955 3391 quidpiam
990 3307 1247 3392 exspectantibus
1280 3309 1496 3377 obtruserunt.
1526 3310 1586 3376 V·e

358 3434 429 3483 rum
455 3433 521 3493 nos,
546 3412 599 3498 qui
637 3420 702 3478 tum
727 3431 745 3479 e
767 3412 934 3478 Gerruauia
957 3413 1092 3480 conritiis
1114 3414 1334 3494 interseramus
1365 3433 1438 3483 cum
1462 3417 1586 3502 aliquo-

359 3522 415 3588 ties
438 3521 513 3588 istos
535 3517 573 3586 ad
600 3518 750 3604 populum
774 3516 1004 3584 deblaterantes
1029 3553 1070 3568 -·
1095 3518 1201 3604 lapsus
1232 3539 1301 3587 sum
1319 3523 1344 3600 ⁴,
1375 3521 1586 3590 declamantes

357 3626 527 3694 sentiebam
554 3662 592 3672 -
619 3623 827 3700 audissemus,
853 3639 955 3707 neque
987 3621 1165 3708 linguarum
1198 3625 1274 3693 illud
1308 3645 1425 3694 urtrnus
1460 3630 1586 3715 llposto

187 1251 263 1296 1Η)

430 3963 438 3996 ¹
458 3965 495 4020 Cl.
515 3967 545 4020 P.
565 3962 656 4019 Helice
674 3963 699 4016 lu
719 3961 817 4016 Cbrou.
835 3959 973 4026 Skibyeusl
995 3959 1134 4028 (bdrdum,
1150 3963 1218 4017 llou.
1231 3964 1290 4018 bist
1310 3966 1372 4019 dan.
1396 3969 1413 4020 l.
1433 3968 1494 4036 92):
1517 3983 1585 4022 «re

358 4058 438 4110 tuisse
457 4053 526 4122 plebi
545 4066 681 4108 accessum
701 4049 790 4116 templl
810 4049 889 4104 divae
909 4048 1018 4113 rtrgtnts
1031 4069 1056 4104 ι.

428 4143 439 4174 ¹
460 4145 474 4196 i.
495 4159 518 4198 e.
538 4156 628 4209 rogem
648 4139 814 4194 Fredericum
835 4137 1058 4206 1.(1513-1533).

428 4229 439 4262 ⁸
459 4235 484 4286 iu
504 4234 579 4287 tertio
598 4231 747 4297 Congressu
767 4241 795 4294 p.
814 4227 942 4294 (al-att).

428 4321 440 4352 ⁴
459 4321 540 4377 Melle.
559 4323 594 4374 l':
614 4319 710 4374 Acadirl
729 4331 743 4369 a
764 4315 815 4370 lida
834 4315 930 4381 dignis,
948 4315 1082 4382 quendum
1096 4329 1144 4381 pro
1157 4326 1283 4382 suggesto
1295 4319 1478 4388 clamatorem,
1491 4323 1586 4394 lapsus

357 4412 534 4476 memdicare
553 4411 634 4474 volui,
654 4409 839 4460 Praeconem„
859 4403 983 4468 intulisse,
1002 4403 1133 4456 nemiuem
1163 4419 1241 4470 posse
1265 4409 1321 4462 slus
1341 4411 1457 4474 periculo
1476 4413 1585 4468 damua-

359 4499 462 4553 tlonis...
483 4500 538 4552 sine
557 4499 598 4553 sui
617 4497 725 4564 paroclrl
744 4501 809 4548 nutu
827 4493 900 4546 alteri
921 4499 1026 4558 peccato
1045 4505 1092 4545 sua
1112 4492 1263 4558 detegere...
