3378 5082
558 332 670 380 antuus
693 332 899 382 coucuassus.
1301 319 1341 384 ab

111 454 150 520 in
180 455 364 523 musicorum
389 455 571 541 proverbio)
594 456 717 524 dissitas
741 458 828 524 nullo
850 458 1030 525 discrimine
1046 467 1236 544 separantes,
1256 459 1342 527 dein·

109 579 194 647 ceps
214 564 271 630 iam
296 563 400 649 primo
423 581 518 648 quam
545 565 788 632 luculentissime
811 566 1002 645 docebimus,
1027 568 1227 652 Evangelium
1254 569 1343 634 iuxta

108 687 295 754 germanam
312 688 485 755 veramque
509 671 661 738 rationem
678 690 766 739 suam
783 673 871 739 nulla
888 673 917 739 in
937 673 1026 740 litera
1042 673 1136 740 situm
1162 692 1240 753 esse,
1257 674 1344 740 nullo

110 775 291 860 scripturae
314 793 430 862 genere
454 776 617 856 contineri,
640 777 776 863 denique
800 779 916 846 nnllam
941 797 1009 846 esse
1034 780 1131 865 legem
1157 780 1315 864 scriptam.

208 883 369 968 Principio,
393 901 497 952 nonne
520 884 634 969 passim
660 885 813 970 Evangelii
844 887 1030 952 mentionem
1064 885 1174 952 iactam
1207 903 1275 952 esse
1300 887 1341 952 le·
1364 899 1425 954 Quot
1438 899 1506 943 Erm-

110 991 229 1076 girorm,
253 990 341 1056 nullo
363 991 534 1057 etiamnum
560 991 589 1056 in
608 990 732 1070 tabulis,
747 992 793 1058 vel
811 992 841 1058 in
867 993 1066 1070 membranis,
1084 994 1131 1060 rel
1155 993 1342 1078 alloquaris
1366 952 1499 1050 offiium

110 1099 244 1164 materia
266 1104 424 1164 exarato?
447 1098 575 1182 Quoties
597 1097 742 1165 Christus
764 1100 830 1184 ipse
853 1099 957 1166 adbuc
982 1099 1188 1184 praedicando
1206 1100 1341 1167 circum·
1377 1065 1486 1157 “istil

113 1204 184 1271 iens
206 1204 359 1291 Evangelii
387 1205 550 1271 meminit?
575 1205 669 1272 veluti
687 1213 765 1291 (quo
788 1224 887 1291 pauca
909 1207 948 1273 de
972 1207 1079 1274 multis
1101 1206 1246 1291 exempla
1270 1225 1341 1292 pro-

113 1311 226 1389 feram)
249 1329 323 1377 cum
348 1311 410 1378 ait:
437 1311 673 1377 Paenitentiam
698 1312 798 1398 cpite,
822 1321 850 1377 et
873 1313 993 1378 credite
1019 1313 1204 1398 Evangelio.
1228 1313 1262 1378 Et
1287 1312 1341 1380 ite·
1366 1327 1432 1372 tare·
1447 1327 1466 1379 t,
1477 1327 1511 1374 1⁵.

114 1436 205 1484 rum:
230 1419 297 1502 Qui
325 1418 509 1503 perdiderit
532 1419 684 1484 colorant
707 1437 806 1484 suom
827 1429 965 1506 propter·
988 1439 1039 1486 me
1061 1428 1089 1486 et
1116 1419 1341 1505 Evangelium,
1361 1435 1461 1488 uam-8:
1476 1436 1510 1480 ³⁵.

113 1523 242 1590 solvam
266 1523 369 1610 faciet
391 1544 475 1591 eom.
501 1526 638 1592 Rursus:
665 1527 768 1592 Amen
797 1526 870 1592 dico
903 1525 1004 1603 nobie,
1029 1525 1214 1615 ubicunque
1241 1545 1341 1612 pree·
1368 1541 1443 1639 ttotlha·
1458 1542 1492 1595 tt.

116 1631 262 1697 dicatum
284 1629 391 1716 suerit
422 1628 482 1697 doe
515 1631 729 1717 Evorrpelium
766 1632 801 1697 iu
836 1641 900 1698 toto
931 1632 1067 1710 mundo,
1103 1633 1231 1699 dicetur
1254 1632 1342 1720 quod
1443 1625 1448 1638 '

116 1734 193 1804 buce
223 1737 300 1824 fecit
330 1739 366 1803 in
399 1738 595 1805 mernoriam
631 1739 712 1804 eius.
748 1739 782 1804 Et
805 1739 896 1805 alibi:
921 1741 1043 1805 Eunias
1077 1740 1112 1805 in
1147 1739 1340 1805 urrr'oersum
1361 1756 1511 1808 aserere.

116 1843 277 1908 nrrrmlum
299 1843 492 1928 praedicate
519 1843 732 1929 Euangelium
764 1845 857 1911 omni
878 1853 1066 1924 creaturae,
1100 1844 1247 1931 aliisque·
1269 1845 1343 1912 loeis

114 1949 369 2036 quamplurimis.
393 1951 522 2034 Quoties
545 1949 762 2036 apostolorum
787 1953 858 2018 dcta
888 1961 1144 2030 commemorant,
1170 1953 1283 2037 passim
1309 1952 1345 2017 il·

115 2055 159 2122 los
181 2057 412 2141 evangelizasse
435 2075 471 2124 ac
497 2057 690 2142 praedicasse
715 2057 914 2144 Evangelium
940 2076 996 2143 per
1027 2059 1185 2125 civitates?
1216 2059 1344 2143 Quoties

115 2163 271 2249 Evangelii
298 2163 374 2230 tuba
398 2163 523 2243 Paulus
541 2182 652 2230 nomen
677 2163 736 2230 boc
753 2165 973 2231 suavissimum
991 2173 1148 2250 personat,
1171 2184 1265 2250 quam
1282 2165 1343 2233 ire-

113 2279 251 2356 queuter
273 2287 330 2336 ore
355 2270 487 2337 verbum
520 2271 579 2336 boc
611 2269 727 2338 bonnm
758 2279 892 2347 eructat,
924 2270 1007 2356 quod
1032 2289 1155 2356 semper
1188 2271 1217 2337 in
1250 2271 1343 2337 corde

112 2377 281 2461 gestabat?
304 2394 399 2461 quam
426 2377 455 2442 in
481 2377 567 2442 nialla
590 2376 655 2443 lere
680 2395 739 2443 non
765 2377 895 2460 epistola
912 2377 941 2442 in
965 2378 1060 2444 buius
1077 2377 1271 2442 mellitissimi
1290 2396 1344 2444 uo

111 2483 206 2548 minis
228 2482 438 2568 appellatione
462 2483 574 2550 creber
597 2501 633 2550 ac
657 2483 777 2549 multus
793 2489 865 2550 esti
889 2483 946 2549 Sed
962 2484 1001 2550 de
1017 2502 1081 2568 utro
1105 2483 1227 2549 taudem
1246 2483 1344 2548 Evau-

110 2589 269 2674 geliorum
296 2589 345 2654 bis
368 2588 398 2654 in
416 2589 492 2655 locis
508 2589 606 2656 verba
621 2595 720 2656 suntt
737 2589 815 2655 Num
833 2590 1000 2656 llattbaei‘t
1025 2608 1100 2655 num
1127 2591 1251 2656 Lucae?
1267 2607 1342 2656 uum

111 2695 259 2762 loannis?
284 2697 321 2761 tv
343 2695 543 2781 praedicante
567 2696 596 2761 in
622 2697 716 2762 terris
738 2695 863 2762 Christo
894 2697 1015 2763 nullum
1051 2696 1154 2762 adbuc
1190 2697 1342 2781 scriptum

109 2801 260 2868 exstabat
291 2801 504 2888 Evangeliurn.
529 2803 651 2888 Quippe
675 2820 746 2868 cum
776 2803 895 2888 aliquot
918 2803 1008 2870 annis
1031 2811 1100 2888 post
1130 2803 1342 2869 ascensionem

109 2906 302 2974 dominicam
326 2908 419 2974 scribi
446 2915 555 2993 coepta
579 2917 653 2974 sunt
678 2909 852 2994 Evangelia,
881 2909 1038 2975 maturius
1060 2909 1155 2986 aliud,
1187 2908 1271 2974 aliud
1296 2926 1343 2974 se·

110 3012 189 3078 rius.
217 3013 336 3080 Verum
360 3014 432 3080 etsi
459 3013 611 3098 apostolis
627 3014 752 3099 quidem
777 3013 881 3081 adbuc
899 3013 1151 3098 praedicantibus
1174 3013 1254 3080 iorte
1271 3031 1344 3079 con·

109 3121 230 3204 scripta
253 3126 340 3198 suut,
363 3125 395 3186 et
410 3119 492 3186 edita
517 3120 691 3206 Evangelia,
707 3120 824 3205 quibus
848 3119 939 3187 bodie
963 3121 1085 3187 utimur
1108 3121 1222 3198 omnia,
1240 3130 1341 3187 tamen

108 3243 165 3292 eos
188 3223 227 3290 ad
256 3223 466 3310 praescriptas
490 3226 614 3293 illorum
639 3226 799 3311 angustias
823 3244 883 3292 non
915 3225 1059 3292 docuisse
1089 3243 1124 3291 ac
1151 3226 1344 3311 praedicasse

110 3331 230 3398 Christi
265 3330 478 3416 drangulum,
503 3332 549 3396 rel
576 3331 646 3398 inde
678 3331 796 3416 liquido
830 3339 962 3411 constat,
985 3331 1068 3417 qarod
1105 3331 1242 3398 nondum
1279 3333 1344 3398 ullo

110 3438 228 3504 borum
261 3443 400 3521 qrratuor
433 3438 481 3504 vel
512 3437 636 3504 condito
668 3438 716 3503 vel
748 3438 841 3517 edito,
865 3439 998 3523 Apostoli
1032 3437 1090 3503 iam
1123 3438 1160 3504 ad
1186 3437 1340 3522 Evangelii

109 3725 131 3774 ti
151 3721 190 3774 fib
211 3721 308 3783 (latinis
325 3721 434 3788 quidem
453 3722 649 3775 characteribus
667 3723 852 3788 impressum:
872 3724 921 3791 Qui
941 3723 1112 3789 simulatque
1131 3722 1213 3775 verba
1229 3722 1344 3786 protulit,

111 3811 274 3878 palinodiam
294 3810 398 3876 occinit,
417 3810 555 3864 discusse
575 3825 625 3864 non
651 3812 762 3864 sensisse
786 3813 858 3879 quod
878 3825 988 3877 praese
1008 3813 1148 3876 tarentin
1175 3818 1214 3864 est
1238 3825 1343 3863 curnem

110 3911 136 3953 et
155 3899 314 3965 sangninem
334 3898 428 3953 Christi
447 3899 701 3966 praesentissimum,
719 3901 765 3954 sed
785 3901 854 3954 aliud
874 3900 908 3954 ab
928 3902 959 3953 iis
978 3899 1019 3954 dis
1039 3899 1179 3969 diapason
1199 3901 1343 3954 diversum.

110 3989 234 4042 -Audi
255 3987 405 4042 Erormum
425 3988 648 4044 uotorodnmom:
669 3989 723 4042 Hoc
743 3987 894 4056 proverbio,
914 3991 1006 4058 inquit,
1031 3990 1172 4043 discrimen
1198 3991 1289 4056 ingens
1314 4003 1344 4042 ar

111 4077 298 4142 longimimnrn
317 4077 481 4130 intervallum
501 4075 586 4146 [duos
604 4093 699 4143 nempe
725 4082 852 4133 tonorum
874 4082 985 4133 belenus
1010 4079 1170 4132 verbotenus
1196 4077 1291 4147 inuasit]
1310 4079 1344 4130 si·

112 4164 287 4232 guilicebant,
308 4165 377 4218 nude
396 4179 465 4232 quae
485 4166 692 4230 pugnaotlssima
713 4167 778 4220 inter
797 4183 825 4220 se
844 4168 996 4220 viderentur
1020 4173 1127 4234 lotoque
1150 4167 1278 4219 dissidere
1303 4179 1345 4229 gc·

112 4269 186 4317 nere,
204 4269 234 4305 ea
255 4243 298 4302 διὰ
317 4253 405 4304 πασῶν
423 4253 574 4318 discrepare
597 4254 721 4308 dicebant
739 4256 848 4318 (Evasm.
879 4257 961 4319 anag.
990 4255 1054 4307 libii.
1076 4257 1092 4306 l.
1110 4255 1183 4308 Ceut.
1203 4257 1226 4306 2.
1248 4255 1275 4305 Ν.
1301 4255 1345 4306 63.

111 4359 157 4410 pp.
176 4343 280 4408 stes).
301 4343 329 4394 El
348 4343 380 4394 li.
399 4343 425 4395 E.
447 4341 586 4396 Hermann
605 4343 643 4410 (iu
664 4344 769 4396 lucian.
789 4346 823 4398 de
842 4345 900 4399 trist.
920 4357 1019 4398 censer.
1040 4343 1091 4394 Vll.
1113 4357 1139 4408 p.
1160 4343 1217 4408 lib:
1239 4345 1345 4394 l‘rever·

112 4433 165 4498 bio,
185 4431 279 4499 inqiut,
298 4445 312 4483 a
332 4445 361 4484 re
380 4432 480 4484 mustea
499 4432 641 4499 desumpto
660 4432 841 4498 signiticantur
860 4447 899 4496 ea,
926 4447 996 4500 quae
1024 4435 1078 4486 tolo
1106 4429 1178 4485 coelo
1206 4429 1343 4501 differunt.

112 4521 161 4586 (Ei.
181 4521 275 4575 Herm.
299 4519 443 4589 mareon,
465 4523 593 4575 lebannes
612 4521 809 4586 Dieteuberger.
827 4521 913 4574 Erelb.
934 4523 1009 4576 leet.
1030 4537 1055 4588 p.
1077 4521 1136 4575 att.
1156 4535 1181 4575 n.
1202 4521 1237 4587 l).
