3378 5082
339 208 371 254 vr
653 209 695 256 an
720 209 876 258 uacronau
902 173 1075 260 rnnsmrro
1099 210 1245 261 sorronrs

340 345 504 412 tractatus
532 333 575 414 de
603 336 770 414 Ecclesia
799 335 869 440 (pp.
901 335 1044 441 88-98),
1073 335 1116 414 de
1139 340 1210 437 fida
1230 336 1276 442 (p.
1301 341 1387 416 l06.
1409 337 1496 445 sq.)‚
1525 339 1577 417 de

339 461 514 560 operibus
552 457 603 564 (p.
645 463 721 538 ll5
759 461 840 566 Sip),
879 459 922 538 de
959 461 1206 540 Eucharistic
1244 460 1290 568 (p.
1325 465 1398 543 162
1436 489 1490 569 sq.
1536 478 1577 543 et

340 607 373 686 p.
396 585 472 664 204
494 582 575 690 sq.)‚
595 582 639 662 de
663 587 870 664 sacerdotio
899 585 946 691 (p.
970 588 1045 664 l69
1074 585 1155 692 sq.)‚
1185 599 1220 664 et
1246 585 1303 664 alii
1332 586 1402 666 lere
1430 613 1574 666 omnes

447 707 547 787 Unde
576 735 646 787 non
667 709 855 808 miraberis,
876 711 970 816 quod
989 736 1115 815 operae
1140 711 1288 816 pretium
1314 712 1574 817 putaverimus,

340 834 430 914 hanc
457 833 734 912 Conlutationem
763 859 859 912 nunc
886 835 1036 940 primum
1058 836 1148 941 typis
1168 836 1310 940 vulgare
1325 833 1348 933 ¹,
1379 850 1574 943 postquam

340 1109 413 1162 rem
441 1097 572 1186 gratam
602 1084 763 1162 omnihus
791 1084 921 1190 ubique
950 1083 1121 1188 religionis
1149 1099 1183 1163 et
1213 1085 1372 1164 historiae
1401 1086 1576 1165 studiosis

341 1233 406 1287 nos
433 1207 552 1288 iecisse
579 1207 785 1286 arbitramur
812 1222 882 1287 tam
911 1209 1096 1305 catholicis,
1126 1236 1232 1314 quam
1266 1210 1364 1288 aliter
1401 1210 1577 1289 credenti·

341 1333 420 1428 bue,
450 1332 580 1438 quippe
608 1334 669 1438 qui
697 1358 741 1410 err
766 1335 837 1412 hec
865 1335 1051 1434 Apologia
1078 1334 1152 1412 sine
1181 1360 1296 1413 errore
1325 1335 1458 1413 discere
1489 1363 1575 1440 pos-

341 1457 420 1555 sint,
454 1459 546 1558 qua'd
577 1459 626 1534 st‘t
659 1458 826 1538 Ecclesia
854 1460 1053 1546 catholico,
1080 1461 1215 1560 quibus
1251 1461 1384 1538 mediis
1420 1469 1573 1548 utetur,

341 1606 413 1684 qao
442 1583 540 1670 luce,
567 1607 644 1683 quo
662 1583 836 1661 doctrino
860 1586 1018 1665 incedet.
1050 1583 1203 1681 Accedit,
1224 1582 1318 1689 quod
1337 1584 1423 1662 haec
1440 1582 1574 1662 Conlu-

343 1705 423 1784 tatio
452 1707 496 1783 sit
523 1707 617 1785 testis
645 1706 884 1811 irrefragabilis
913 1707 993 1786 fidei
1022 1709 1127 1786 totius
1155 1707 1297 1814 quidem
1317 1707 1493 1786 Ecclesiae
1513 1734 1574 1786 ca-

341 983 533 1064 perennes
552 958 621 1037 lere
642 961 711 1037 37t
738 959 771 1038 in
793 959 1006 1038 bibliothecis
1026 960 1163 1064 sepulta
1182 959 1304 1058 iacuit;
1334 961 1420 1067 quin
1449 962 1576 1067 potius
1661 991 1662 1054 i

342 1829 499 1924 thelicae,
529 1830 704 1936 speciatim
735 1845 850 1910 tamen
870 1830 1043 1911 Ecclesiae
1066 1833 1226 1929 Demeae,
1257 1859 1336 1911 cum
1366 1831 1506 1910 nomine
1535 1846 1574 1910 et
1661 1847 1662 1872 ¹

343 1954 505 2032 mandato
533 1955 785 2061 Episcoporum
816 1955 919 2034 huius
946 1957 1043 2060 regni
1069 1956 1245 2035 elaborata
1273 1969 1307 2034 et
1335 1955 1461 2061 scripta
1489 1955 1545 2033 sit.

456 2081 619 2158 Titulcia
647 2080 683 2160 in
711 2081 821 2159 lronte
851 2107 935 2159 suae
964 2080 1216 2159 Consolationis
1243 2095 1365 2159 auctor
1393 2081 1466 2185 ipse
1494 2106 1570 2158 non

343 2205 469 2311 posuit,
500 2204 636 2283 videtur
663 2218 780 2284 amen
814 2205 858 2284 ad
897 2205 1002 2284 lmem
1042 2206 1140 2310 primi
1178 2206 1394 2308 Congressus
1425 2205 1471 2310 (p.
1502 2206 1570 2309 76)

342 2330 487 2408 innuero
516 2329 656 2408 dicens:
691 2358 711 2403 r<
733 2331 804 2408 Hac
831 2329 1027 2409 velitatione
1055 2343 1174 2408 nostra
1202 2329 1302 2435 quasi
1321 2328 1570 2434 praeludentes
1661 2341 1662 2350 ‘

342 2454 387 2533 ad
416 2455 527 2532 maius
555 2453 696 2561 aliquod
724 2467 911 2552 certamen,
940 2455 1124 2560 praecipue
1141 2457 1357 2555 generalem
1375 2456 1570 2556 quandem
1661 2455 1662 2494 l

261 2637 268 2652 .
343 2583 454 2658 totius
481 2590 626 2658 cestrae
653 2583 827 2680 sectionis
855 2581 1144 2680 confutationem
1165 2581 1395 2657 imtitut'mus
1410 2608 1445 2654 a.
1470 2576 1572 2655 Unde

343 2705 465 2784 merito
493 2731 513 2782 a
543 2703 652 2802 nohis,
682 2705 742 2810 qui
769 2704 893 2784 breues
920 2704 953 2780 in
982 2704 1083 2782 titulo
1103 2729 1179 2782 esse
1199 2703 1374 2798 uolumus,
1394 2702 1572 2806 hocopus

343 2829 560 2908 inscribitur:
590 2824 807 2911 confutatio
834 2825 1134 2912 bulberanismi
1161 2825 1311 2910 Danici.

450 2953 580 3032 Taedet
607 2979 702 3050 sane,
732 2955 767 3031 in
796 2979 900 3062 opere
938 2953 1092 3059 alioquin
1128 2952 1305 3056 praeclaro
1341 2963 1391 3030 tot
1424 2953 1574 3050 probro

344 3080 584 3178 coctttosqoc,
613 3104 704 3184 quos
731 3078 873 3158 omnino
910 3077 1158 3183 improbamus,
1197 3089 1317 3154 contra
1354 3075 1574 3154 concionatu-

345 3228 399 3281 res
441 3203 659 3282 Lutheranos
700 3203 856 3297 inveniri,
900 3215 1184 3308 optaremusque,
1229 3215 1264 3277 ut
1306 3200 1453 3304 scriptor
1489 3198 1573 3278 solis
1661 3219 1662 3226 ’

344 3329 557 3431 argumentis
585 3327 760 3406 veritatem
791 3326 942 3405 stabilire
979 3340 1165 3405 contentus
1202 3325 1331 3403 luisset.
1373 3329 1419 3401 nt
1454 3323 1573 3401 minus

346 3450 432 3532 lorte
463 3452 618 3530 irasceris
647 3452 705 3548 illi,
736 3451 880 3530 candide
909 3452 1027 3546 lector,
1058 3451 1086 3528 si
1106 3449 1292 3528 attenderis
1310 3449 1354 3526 ad
1379 3448 1574 3552 «plaustra

346 3576 578 3656 conviciorum
598 3606 634 3674 n,
664 3577 792 3683 quibus
820 3590 940 3655 contra
966 3576 1157 3655 Ecclesiam
1188 3573 1390 3652 catholicam
1423 3572 1573 3678 eiusque
1661 3671 1662 3684 ,

346 3700 544 3779 defensores
572 3714 606 3779 et
634 3699 782 3790 asseclas
812 3701 858 3778 uti
888 3725 959 3779 non
988 3699 1226 3779 detractarunt
1255 3701 1358 3776 illins
1396 3700 1575 3798 temporis

347 3824 529 3928 scriptores
566 3837 598 3902 et
639 3825 898 3904 concionatores
941 3823 1153 3918 heterodoxi,
1197 3821 1495 3929 quemadmodum
1539 3829 1574 3898 in

353 3977 373 4023 ι(
391 3949 646 4028 Eacusctionc
665 3979 685 4025 a
718 3951 768 4056 (p.
799 3949 866 4056 23)
895 3949 939 4027 ah
968 3950 1043 4054 ipso
1071 3960 1212 4026 auctore
1241 3946 1438 4052 exponitur.

418 4181 428 4214 ¹
448 4185 475 4238 ld
494 4182 570 4237 nobis
589 4183 778 4237 humanissime
796 4181 914 4247 permisit
933 4181 1079 4233 praelectus
1104 4177 1278 4232 bibliothecae
1302 4177 1391 4243 regiae
1419 4177 1574 4238 ticiniensis

347 4273 515 4328 doctissimus
533 4274 575 4326 vir
594 4271 656 4328 Chr.
676 4273 782 4336 Brenn,
801 4269 877 4324 cuius
901 4268 1109 4322 benevolentiam
1136 4273 1190 4320 toto
1209 4275 1328 4334 tempore
1353 4272 1457 4320 nostrae
1481 4265 1506 4318 in
1527 4265 1573 4317 isto

349 4362 415 4419 urbe
433 4362 647 4418 commorationis
665 4359 764 4429 arpent
783 4373 884 4412 sumus.
