<?xml version="1.0" encoding="UTF-8"?>
<!DOCTYPE html PUBLIC "-//W3C//DTD XHTML 1.0 Transitional//EN"
    "http://www.w3.org/TR/xhtml1/DTD/xhtml1-transitional.dtd">
<html xmlns="http://www.w3.org/1999/xhtml" xml:lang="en" lang="en">
 <head>
  <title>
</title>
<meta http-equiv="Content-Type" content="text/html;charset=utf-8" />
  <meta name='ocr-system' content='tesseract 3.04.00' />
  <meta name='ocr-capabilities' content='ocr_page ocr_carea ocr_par ocr_line ocrx_word'/>
</head>
<body>
  <div class='ocr_page' id='page_1' title='image "./confutatioluthe01schmgoog_0199.png"; bbox 0 0 3390 5096; ppageno 0'>
   <div class='ocr_carea' id='block_1_1' title="bbox 483 329 1268 396">
    <p class='ocr_par' dir='ltr' id='par_1_1' title="bbox 483 329 1268 396">
     <span class='ocr_line' id='line_1_1' title="bbox 483 329 1268 396; baseline 0 -2"><span class='ocrx_word' id='word_1_1' title='bbox 483 346 611 396; x_wconf 79' lang='lat' dir='ltr'><strong>nunnius</strong></span> <span class='ocrx_word' id='word_1_2' title='bbox 633 345 838 396; x_wconf 80' lang='lat' dir='ltr'><strong>consuessus.</strong></span> <span class='ocrx_word' id='word_1_3' title='bbox 1210 329 1268 395; x_wconf 78' lang='lat' dir='ltr'><strong>lat</strong></span> 
     </span>
    </p>
   </div>
   <div class='ocr_carea' id='block_1_2' title="bbox 51 468 1445 4394">
    <p class='ocr_par' dir='ltr' id='par_1_2' title="bbox 55 468 1275 559">
     <span class='ocr_line' id='line_1_2' title="bbox 55 468 1275 559; baseline -0.002 -20"><span class='ocrx_word' id='word_1_4' title='bbox 55 472 132 540; x_wconf 84' lang='lat' dir='ltr'><strong>heus</strong></span> <span class='ocrx_word' id='word_1_5' title='bbox 156 477 276 540; x_wconf 87' lang='lat' dir='ltr'><strong>tantam</strong></span> <span class='ocrx_word' id='word_1_6' title='bbox 301 472 482 559; x_wconf 81' lang='lat' dir='ltr'><strong>synagogae</strong></span> <span class='ocrx_word' id='word_1_7' title='bbox 506 471 690 539; x_wconf 90' lang='lat' dir='ltr'><strong>interiturae</strong></span> <span class='ocrx_word' id='word_1_8' title='bbox 714 468 942 538; x_wconf 81' lang='lat' dir='ltr'><strong>solicitudinem</strong></span> <span class='ocrx_word' id='word_1_9' title='bbox 970 470 1075 556; x_wconf 90' lang='lat' dir='ltr'><strong>gessit,</strong></span> <span class='ocrx_word' id='word_1_10' title='bbox 1099 477 1136 536; x_wconf 92' lang='lat' dir='ltr'><strong>ut</strong></span> <span class='ocrx_word' id='word_1_11' title='bbox 1166 469 1275 537; x_wconf 87' lang='lat' dir='ltr'><strong>ridens</strong></span> 
     </span>
    </p>

    <p class='ocr_par' dir='ltr' id='par_1_3' title="bbox 53 576 1410 877">
     <span class='ocr_line' id='line_1_3' title="bbox 53 576 1410 663; baseline -0.003 -17"><span class='ocrx_word' id='word_1_12' title='bbox 53 579 151 646; x_wconf 89' lang='lat' dir='ltr'><strong>llosen</strong></span> <span class='ocrx_word' id='word_1_13' title='bbox 176 579 295 659; x_wconf 88' lang='lat' dir='ltr'><strong>solnm,</strong></span> <span class='ocrx_word' id='word_1_14' title='bbox 311 579 409 646; x_wconf 93' lang='lat' dir='ltr'><strong>nimio</strong></span> <span class='ocrx_word' id='word_1_15' title='bbox 431 595 583 646; x_wconf 89' lang='lat' dir='ltr'><strong>curarum</strong></span> <span class='ocrx_word' id='word_1_16' title='bbox 607 595 702 644; x_wconf 92' lang='lat' dir='ltr'><strong>onere</strong></span> <span class='ocrx_word' id='word_1_17' title='bbox 725 593 921 662; x_wconf 87' lang='lat' dir='ltr'><strong>oppressum,</strong></span> <span class='ocrx_word' id='word_1_18' title='bbox 938 577 976 643; x_wconf 89' lang='lat' dir='ltr'><strong>ad</strong></span> <span class='ocrx_word' id='word_1_19' title='bbox 993 576 1150 644; x_wconf 83' lang='lat' dir='ltr'><strong>israelitici</strong></span> <span class='ocrx_word' id='word_1_20' title='bbox 1168 576 1274 663; x_wconf 93' lang='lat' dir='ltr'><strong>populi</strong></span> <span class='ocrx_word' id='word_1_21' title='bbox 1298 588 1363 634; x_wconf 78' lang='lat' dir='ltr'><strong>tun·</strong></span> <span class='ocrx_word' id='word_1_22' title='bbox 1376 589 1410 635; x_wconf 80' lang='lat' dir='ltr'><strong>rt.</strong></span> 
     </span>
     <span class='ocr_line' id='line_1_4' title="bbox 54 683 1276 770; baseline -0.002 -18"><span class='ocrx_word' id='word_1_23' title='bbox 54 685 311 770; x_wconf 79' lang='lat' dir='ltr'><strong>gubernationem</strong></span> <span class='ocrx_word' id='word_1_24' title='bbox 336 703 397 752; x_wconf 92' lang='lat' dir='ltr'><strong>non</strong></span> <span class='ocrx_word' id='word_1_25' title='bbox 420 684 577 764; x_wconf 88' lang='lat' dir='ltr'><strong>sufficere,</strong></span> <span class='ocrx_word' id='word_1_26' title='bbox 601 683 728 752; x_wconf 90' lang='lat' dir='ltr'><strong>delectis</strong></span> <span class='ocrx_word' id='word_1_27' title='bbox 750 683 791 751; x_wconf 92' lang='lat' dir='ltr'><strong>ab</strong></span> <span class='ocrx_word' id='word_1_28' title='bbox 820 700 857 750; x_wconf 90' lang='lat' dir='ltr'><strong>eo</strong></span> <span class='ocrx_word' id='word_1_29' title='bbox 881 683 969 751; x_wconf 89' lang='lat' dir='ltr'><strong>iussu</strong></span> <span class='ocrx_word' id='word_1_30' title='bbox 992 701 1050 750; x_wconf 91' lang='lat' dir='ltr'><strong>suo</strong></span> <span class='ocrx_word' id='word_1_31' title='bbox 1080 683 1276 769; x_wconf 78' lang='lat' dir='ltr'><strong>septuaginta</strong></span> 
     </span>
     <span class='ocr_line' id='line_1_5' title="bbox 55 788 1276 877; baseline -0.002 -20"><span class='ocrx_word' id='word_1_32' title='bbox 55 809 183 858; x_wconf 90' lang='lat' dir='ltr'><strong>numero</strong></span> <span class='ocrx_word' id='word_1_33' title='bbox 208 791 389 860; x_wconf 89' lang='lat' dir='ltr'><strong>senioribus</strong></span> <span class='ocrx_word' id='word_1_34' title='bbox 410 791 449 859; x_wconf 91' lang='lat' dir='ltr'><strong>de</strong></span> <span class='ocrx_word' id='word_1_35' title='bbox 471 790 584 876; x_wconf 90' lang='lat' dir='ltr'><strong>spiritu</strong></span> <span class='ocrx_word' id='word_1_36' title='bbox 610 790 806 876; x_wconf 84' lang='lat' dir='ltr'><strong>impertierit,</strong></span> <span class='ocrx_word' id='word_1_37' title='bbox 829 790 884 877; x_wconf 83' lang='lat' dir='ltr'><strong>qui</strong></span> <span class='ocrx_word' id='word_1_38' title='bbox 908 789 981 858; x_wconf 88' lang='lat' dir='ltr'><strong>llosi</strong></span> <span class='ocrx_word' id='word_1_39' title='bbox 1006 789 1141 857; x_wconf 88' lang='lat' dir='ltr'><strong>traditus</strong></span> <span class='ocrx_word' id='word_1_40' title='bbox 1162 788 1276 869; x_wconf 86' lang='lat' dir='ltr'><strong>inerat,</strong></span> 
     </span>
    </p>

    <p class='ocr_par' dir='ltr' id='par_1_4' title="bbox 53 896 1276 985">
     <span class='ocr_line' id='line_1_6' title="bbox 53 896 1276 985; baseline 0 -23"><span class='ocrx_word' id='word_1_41' title='bbox 53 917 112 983; x_wconf 87' lang='lat' dir='ltr'><strong>quo</strong></span> <span class='ocrx_word' id='word_1_42' title='bbox 134 907 166 966; x_wconf 94' lang='lat' dir='ltr'><strong>et</strong></span> <span class='ocrx_word' id='word_1_43' title='bbox 190 899 251 985; x_wconf 90' lang='lat' dir='ltr'><strong>ipsi</strong></span> <span class='ocrx_word' id='word_1_44' title='bbox 276 897 316 966; x_wconf 92' lang='lat' dir='ltr'><strong>ad</strong></span> <span class='ocrx_word' id='word_1_45' title='bbox 340 898 491 984; x_wconf 88' lang='lat' dir='ltr'><strong>populum</strong></span> <span class='ocrx_word' id='word_1_46' title='bbox 516 897 757 984; x_wconf 90' lang='lat' dir='ltr'><strong>gubernandum</strong></span> <span class='ocrx_word' id='word_1_47' title='bbox 785 897 921 982; x_wconf 89' lang='lat' dir='ltr'><strong>aptiores</strong></span> <span class='ocrx_word' id='word_1_48' title='bbox 946 896 1157 976; x_wconf 87' lang='lat' dir='ltr'><strong>efficerentur,</strong></span> <span class='ocrx_word' id='word_1_49' title='bbox 1181 913 1276 982; x_wconf 89' lang='lat' dir='ltr'><strong>quern</strong></span> 
     </span>
    </p>

    <p class='ocr_par' dir='ltr' id='par_1_5' title="bbox 55 1003 1278 1092">
     <span class='ocr_line' id='line_1_7' title="bbox 55 1003 1278 1092; baseline 0 -22"><span class='ocrx_word' id='word_1_50' title='bbox 55 1013 150 1072; x_wconf 90' lang='lat' dir='ltr'><strong>tamen</strong></span> <span class='ocrx_word' id='word_1_51' title='bbox 177 1006 333 1092; x_wconf 92' lang='lat' dir='ltr'><strong>populum</strong></span> <span class='ocrx_word' id='word_1_52' title='bbox 367 1005 449 1072; x_wconf 85' lang='lat' dir='ltr'><strong>Deus</strong></span> <span class='ocrx_word' id='word_1_53' title='bbox 479 1004 546 1090; x_wconf 89' lang='lat' dir='ltr'><strong>ipse</strong></span> <span class='ocrx_word' id='word_1_54' title='bbox 578 1003 806 1090; x_wconf 88' lang='lat' dir='ltr'><strong>repudiandum</strong></span> <span class='ocrx_word' id='word_1_55' title='bbox 838 1011 984 1084; x_wconf 67' lang='lat' dir='ltr'><strong>noveram</strong></span> <span class='ocrx_word' id='word_1_56' title='bbox 1017 1011 1136 1090; x_wconf 86' lang='lat' dir='ltr'><strong>quanto</strong></span> <span class='ocrx_word' id='word_1_57' title='bbox 1165 1003 1278 1070; x_wconf 92' lang='lat' dir='ltr'><strong>maiori</strong></span> 
     </span>
    </p>

    <p class='ocr_par' dir='ltr' id='par_1_6' title="bbox 51 1109 1277 1197">
     <span class='ocr_line' id='line_1_8' title="bbox 51 1109 1277 1197; baseline 0 -21"><span class='ocrx_word' id='word_1_58' title='bbox 51 1128 143 1178; x_wconf 86' lang='lat' dir='ltr'><strong>curae</strong></span> <span class='ocrx_word' id='word_1_59' title='bbox 167 1112 297 1180; x_wconf 88' lang='lat' dir='ltr'><strong>Christo</strong></span> <span class='ocrx_word' id='word_1_60' title='bbox 321 1111 488 1179; x_wconf 83' lang='lat' dir='ltr'><strong>Ecclesiam</strong></span> <span class='ocrx_word' id='word_1_61' title='bbox 513 1129 602 1178; x_wconf 90' lang='lat' dir='ltr'><strong>suam</strong></span> <span class='ocrx_word' id='word_1_62' title='bbox 619 1118 773 1197; x_wconf 89' lang='lat' dir='ltr'><strong>perpetuo</strong></span> <span class='ocrx_word' id='word_1_63' title='bbox 796 1128 977 1178; x_wconf 89' lang='lat' dir='ltr'><strong>mansuram</strong></span> <span class='ocrx_word' id='word_1_64' title='bbox 994 1127 1062 1177; x_wconf 90' lang='lat' dir='ltr'><strong>esse</strong></span> <span class='ocrx_word' id='word_1_65' title='bbox 1085 1109 1277 1196; x_wconf 75' lang='lat' dir='ltr'><strong>putabimus</strong></span> 
     </span>
    </p>

    <p class='ocr_par' dir='ltr' id='par_1_7' title="bbox 53 1216 1445 1836">
     <span class='ocr_line' id='line_1_9' title="bbox 54 1216 1278 1304; baseline -0.001 -21"><span class='ocrx_word' id='word_1_66' title='bbox 54 1226 86 1283; x_wconf 91' lang='lat' dir='ltr'><strong>ot</strong></span> <span class='ocrx_word' id='word_1_67' title='bbox 108 1219 273 1286; x_wconf 87' lang='lat' dir='ltr'><strong>ministros</strong></span> <span class='ocrx_word' id='word_1_68' title='bbox 298 1218 397 1304; x_wconf 90' lang='lat' dir='ltr'><strong>ipsius</strong></span> <span class='ocrx_word' id='word_1_69' title='bbox 419 1235 456 1285; x_wconf 92' lang='lat' dir='ltr'><strong>ac</strong></span> <span class='ocrx_word' id='word_1_70' title='bbox 490 1217 649 1304; x_wconf 89' lang='lat' dir='ltr'><strong>praesides</strong></span> <span class='ocrx_word' id='word_1_71' title='bbox 672 1217 819 1285; x_wconf 89' lang='lat' dir='ltr'><strong>uberiore</strong></span> <span class='ocrx_word' id='word_1_72' title='bbox 845 1216 979 1304; x_wconf 85' lang='lat' dir='ltr'><strong>quadam</strong></span> <span class='ocrx_word' id='word_1_73' title='bbox 1002 1216 1217 1303; x_wconf 70' lang='lat' dir='ltr'><strong>grabadone</strong></span> <span class='ocrx_word' id='word_1_74' title='bbox 1246 1222 1278 1284; x_wconf 91' lang='lat' dir='ltr'><strong>et</strong></span> 
     </span>
     <span class='ocr_line' id='line_1_10' title="bbox 54 1322 1278 1412; baseline -0.002 -21"><span class='ocrx_word' id='word_1_75' title='bbox 54 1331 204 1408; x_wconf 84' lang='lat' dir='ltr'><strong>potestate</strong></span> <span class='ocrx_word' id='word_1_76' title='bbox 226 1325 385 1412; x_wconf 81' lang='lat' dir='ltr'><strong>dignetur,</strong></span> <span class='ocrx_word' id='word_1_77' title='bbox 413 1325 540 1412; x_wconf 83' lang='lat' dir='ltr'><strong>quoad</strong></span> <span class='ocrx_word' id='word_1_78' title='bbox 571 1325 640 1392; x_wconf 93' lang='lat' dir='ltr'><strong>eius</strong></span> <span class='ocrx_word' id='word_1_79' title='bbox 664 1324 770 1410; x_wconf 91' lang='lat' dir='ltr'><strong>populi</strong></span> <span class='ocrx_word' id='word_1_80' title='bbox 793 1322 1051 1410; x_wconf 86' lang='lat' dir='ltr'><strong>gubernationem</strong></span> <span class='ocrx_word' id='word_1_81' title='bbox 1088 1325 1150 1391; x_wconf 90' lang='lat' dir='ltr'><strong>sint</strong></span> <span class='ocrx_word' id='word_1_82' title='bbox 1180 1323 1278 1409; x_wconf 90' lang='lat' dir='ltr'><strong>magis</strong></span> 
     </span>
     <span class='ocr_line' id='line_1_11' title="bbox 54 1429 1278 1518; baseline 0.002 -25"><span class='ocrx_word' id='word_1_83' title='bbox 54 1429 162 1511; x_wconf 87' lang='lat' dir='ltr'><strong>idonei,</strong></span> <span class='ocrx_word' id='word_1_84' title='bbox 187 1449 284 1518; x_wconf 90' lang='lat' dir='ltr'><strong>quem</strong></span> <span class='ocrx_word' id='word_1_85' title='bbox 319 1431 379 1499; x_wconf 86' lang='lat' dir='ltr'><strong>sibi</strong></span> <span class='ocrx_word' id='word_1_86' title='bbox 402 1431 471 1498; x_wconf 90' lang='lat' dir='ltr'><strong>aliis</strong></span> <span class='ocrx_word' id='word_1_87' title='bbox 505 1430 678 1518; x_wconf 88' lang='lat' dir='ltr'><strong>repudiatis</strong></span> <span class='ocrx_word' id='word_1_88' title='bbox 707 1431 907 1516; x_wconf 88' lang='lat' dir='ltr'><strong>peculiariter</strong></span> <span class='ocrx_word' id='word_1_89' title='bbox 938 1429 1039 1516; x_wconf 89' lang='lat' dir='ltr'><strong>elegit.</strong></span> <span class='ocrx_word' id='word_1_90' title='bbox 1071 1429 1162 1514; x_wconf 86' lang='lat' dir='ltr'><strong>Quid,</strong></span> <span class='ocrx_word' id='word_1_91' title='bbox 1192 1429 1278 1517; x_wconf 84' lang='lat' dir='ltr'><strong>quod</strong></span> 
     </span>
     <span class='ocr_line' id='line_1_12' title="bbox 53 1535 1429 1646; baseline 0.001 -47"><span class='ocrx_word' id='word_1_92' title='bbox 53 1537 215 1619; x_wconf 84' lang='lat' dir='ltr'><strong>lpostolus</strong></span> <span class='ocrx_word' id='word_1_93' title='bbox 239 1538 299 1623; x_wconf 89' lang='lat' dir='ltr'><strong>(nti</strong></span> <span class='ocrx_word' id='word_1_94' title='bbox 324 1555 421 1624; x_wconf 88' lang='lat' dir='ltr'><strong>supra</strong></span> <span class='ocrx_word' id='word_1_95' title='bbox 437 1554 565 1624; x_wconf 88' lang='lat' dir='ltr'><strong>quoque</strong></span> <span class='ocrx_word' id='word_1_96' title='bbox 581 1536 747 1604; x_wconf 82' lang='lat' dir='ltr'><strong>retulimus</strong></span> <span class='ocrx_word' id='word_1_97' title='bbox 765 1540 790 1620; x_wconf 92' lang='lat'><strong>¹)</strong></span> <span class='ocrx_word' id='word_1_98' title='bbox 813 1537 1011 1604; x_wconf 86' lang='lat' dir='ltr'><strong>Timotheum</strong></span> <span class='ocrx_word' id='word_1_99' title='bbox 1036 1535 1067 1602; x_wconf 92' lang='lat' dir='ltr'><strong>in</strong></span> <span class='ocrx_word' id='word_1_100' title='bbox 1092 1536 1275 1622; x_wconf 82' lang='lat' dir='ltr'><strong>Episcopum</strong></span> <span class='ocrx_word' id='word_1_101' title='bbox 1305 1548 1325 1593; x_wconf 82' lang='lat'><strong>¹·</strong></span> <span class='ocrx_word' id='word_1_102' title='bbox 1339 1546 1429 1646; x_wconf 58' lang='lat' dir='ltr'><strong>pgr-e</strong></span> 
     </span>
     <span class='ocr_line' id='line_1_13' title="bbox 54 1632 1445 1731; baseline 0.002 -25"><span class='ocrx_word' id='word_1_103' title='bbox 54 1659 70 1706; x_wconf 84' lang='lat' dir='ltr'><strong>o</strong></span> <span class='ocrx_word' id='word_1_104' title='bbox 91 1660 123 1710; x_wconf 87' lang='lat' dir='ltr'><strong>se</strong></span> <span class='ocrx_word' id='word_1_105' title='bbox 145 1643 330 1712; x_wconf 91' lang='lat' dir='ltr'><strong>ordinatum</strong></span> <span class='ocrx_word' id='word_1_106' title='bbox 354 1661 504 1731; x_wconf 82' lang='lat' dir='ltr'><strong>expresse</strong></span> <span class='ocrx_word' id='word_1_107' title='bbox 527 1644 684 1723; x_wconf 89' lang='lat' dir='ltr'><strong>hortatur,</strong></span> <span class='ocrx_word' id='word_1_108' title='bbox 707 1661 747 1711; x_wconf 93' lang='lat' dir='ltr'><strong>ne</strong></span> <span class='ocrx_word' id='word_1_109' title='bbox 763 1643 907 1730; x_wconf 89' lang='lat' dir='ltr'><strong>negligat,</strong></span> <span class='ocrx_word' id='word_1_110' title='bbox 925 1642 978 1711; x_wconf 93' lang='lat' dir='ltr'><strong>sed</strong></span> <span class='ocrx_word' id='word_1_111' title='bbox 1002 1642 1131 1710; x_wconf 88' lang='lat' dir='ltr'><strong>suscitet</strong></span> <span class='ocrx_word' id='word_1_112' title='bbox 1145 1643 1277 1727; x_wconf 89' lang='lat' dir='ltr'><strong>gratiam</strong></span> <span class='ocrx_word' id='word_1_113' title='bbox 1297 1632 1445 1708; x_wconf 53' lang='lat' dir='ltr'><strong>onere</strong></span> 
     </span>
     <span class='ocr_line' id='line_1_14' title="bbox 54 1748 1279 1836; baseline 0.002 -24"><span class='ocrx_word' id='word_1_114' title='bbox 54 1748 114 1815; x_wconf 87' lang='lat' dir='ltr'><strong>sire</strong></span> <span class='ocrx_word' id='word_1_115' title='bbox 136 1750 257 1817; x_wconf 91' lang='lat' dir='ltr'><strong>donum</strong></span> <span class='ocrx_word' id='word_1_116' title='bbox 281 1749 348 1830; x_wconf 88' lang='lat' dir='ltr'><strong>nei,</strong></span> <span class='ocrx_word' id='word_1_117' title='bbox 371 1750 456 1836; x_wconf 88' lang='lat' dir='ltr'><strong>quod</strong></span> <span class='ocrx_word' id='word_1_118' title='bbox 480 1750 510 1817; x_wconf 94' lang='lat' dir='ltr'><strong>io</strong></span> <span class='ocrx_word' id='word_1_119' title='bbox 535 1768 573 1818; x_wconf 91' lang='lat' dir='ltr'><strong>eo</strong></span> <span class='ocrx_word' id='word_1_120' title='bbox 595 1757 664 1817; x_wconf 89' lang='lat' dir='ltr'><strong>erat</strong></span> <span class='ocrx_word' id='word_1_121' title='bbox 686 1750 884 1836; x_wconf 90' lang='lat' dir='ltr'><strong>impositione</strong></span> <span class='ocrx_word' id='word_1_122' title='bbox 899 1767 1049 1816; x_wconf 90' lang='lat' dir='ltr'><strong>manuum</strong></span> <span class='ocrx_word' id='word_1_123' title='bbox 1074 1767 1215 1829; x_wconf 88' lang='lat' dir='ltr'><strong>suarum,</strong></span> <span class='ocrx_word' id='word_1_124' title='bbox 1231 1749 1279 1815; x_wconf 90' lang='lat' dir='ltr'><strong>id·</strong></span> 
     </span>
    </p>

    <p class='ocr_par' dir='ltr' id='par_1_8' title="bbox 56 1856 1278 2062">
     <span class='ocr_line' id='line_1_15' title="bbox 56 1856 1278 1944; baseline 0.003 -24"><span class='ocrx_word' id='word_1_125' title='bbox 56 1873 113 1939; x_wconf 87' lang='lat' dir='ltr'><strong>qne</strong></span> <span class='ocrx_word' id='word_1_126' title='bbox 136 1857 321 1925; x_wconf 91' lang='lat' dir='ltr'><strong>nominatim</strong></span> <span class='ocrx_word' id='word_1_127' title='bbox 345 1857 533 1925; x_wconf 85' lang='lat' dir='ltr'><strong>auctoritate</strong></span> <span class='ocrx_word' id='word_1_128' title='bbox 555 1856 730 1938; x_wconf 91' lang='lat' dir='ltr'><strong>sacerdotii,</strong></span> <span class='ocrx_word' id='word_1_129' title='bbox 746 1856 1007 1944; x_wconf 83' lang='lat' dir='ltr'><strong>quemadmodum</strong></span> <span class='ocrx_word' id='word_1_130' title='bbox 1032 1856 1278 1924; x_wconf 87' lang='lat' dir='ltr'><strong>luculentissime</strong></span> 
     </span>
     <span class='ocr_line' id='line_1_16' title="bbox 58 1961 1277 2062; baseline 0.004 -37"><span class='ocrx_word' id='word_1_131' title='bbox 58 1961 188 2030; x_wconf 89' lang='lat' dir='ltr'><strong>reddidit</strong></span> <span class='ocrx_word' id='word_1_132' title='bbox 211 1963 386 2032; x_wconf 72' lang='lat' dir='ltr'><strong>Erasmus?</strong></span> <span class='ocrx_word' id='word_1_133' title='bbox 416 1963 569 2062; x_wconf 74' lang='lat' dir='ltr'><strong>Quodne</strong></span> <span class='ocrx_word' id='word_1_134' title='bbox 599 1963 670 2050; x_wconf 87' lang='lat' dir='ltr'><strong>quis</strong></span> <span class='ocrx_word' id='word_1_135' title='bbox 700 1964 754 2031; x_wconf 89' lang='lat' dir='ltr'><strong>nui</strong></span> <span class='ocrx_word' id='word_1_136' title='bbox 779 1963 941 2031; x_wconf 87' lang='lat' dir='ltr'><strong>Timotheo</strong></span> <span class='ocrx_word' id='word_1_137' title='bbox 972 1962 1138 2048; x_wconf 89' lang='lat' dir='ltr'><strong>contigisse</strong></span> <span class='ocrx_word' id='word_1_138' title='bbox 1161 1963 1277 2043; x_wconf 89' lang='lat' dir='ltr'><strong>credat,</strong></span> 
     </span>
    </p>

    <p class='ocr_par' dir='ltr' id='par_1_9' title="bbox 57 2069 1432 2373">
     <span class='ocr_line' id='line_1_17' title="bbox 58 2069 1432 2178; baseline 0.003 -46"><span class='ocrx_word' id='word_1_139' title='bbox 58 2085 155 2136; x_wconf 92' lang='lat' dir='ltr'><strong>nonne</strong></span> <span class='ocrx_word' id='word_1_140' title='bbox 179 2071 231 2137; x_wconf 92' lang='lat' dir='ltr'><strong>hic</strong></span> <span class='ocrx_word' id='word_1_141' title='bbox 255 2069 336 2138; x_wconf 88' lang='lat' dir='ltr'><strong>idem</strong></span> <span class='ocrx_word' id='word_1_142' title='bbox 362 2070 526 2156; x_wconf 73' lang='lat' dir='ltr'><strong>Apostolus</strong></span> <span class='ocrx_word' id='word_1_143' title='bbox 549 2077 616 2137; x_wconf 92' lang='lat' dir='ltr'><strong>tum</strong></span> <span class='ocrx_word' id='word_1_144' title='bbox 641 2070 672 2137; x_wconf 93' lang='lat' dir='ltr'><strong>in</strong></span> <span class='ocrx_word' id='word_1_145' title='bbox 689 2069 867 2150; x_wconf 84' lang='lat' dir='ltr'><strong>Corinthiis,</strong></span> <span class='ocrx_word' id='word_1_146' title='bbox 887 2077 954 2137; x_wconf 89' lang='lat' dir='ltr'><strong>tum</strong></span> <span class='ocrx_word' id='word_1_147' title='bbox 978 2069 1010 2136; x_wconf 91' lang='lat' dir='ltr'><strong>in</strong></span> <span class='ocrx_word' id='word_1_148' title='bbox 1035 2069 1173 2156; x_wconf 90' lang='lat' dir='ltr'><strong>Ephesiis</strong></span> <span class='ocrx_word' id='word_1_149' title='bbox 1196 2069 1278 2136; x_wconf 89' lang='lat' dir='ltr'><strong>inter</strong></span> <span class='ocrx_word' id='word_1_150' title='bbox 1300 2081 1321 2128; x_wconf 84' lang='lat'><strong>¹·</strong></span> <span class='ocrx_word' id='word_1_151' title='bbox 1334 2081 1385 2178; x_wconf 60' lang='lat'><strong>{⁴4¹⁶</strong></span> <span class='ocrx_word' id='word_1_152' title='bbox 1398 2080 1432 2136; x_wconf 75' lang='lat' dir='ltr'><strong>tt</strong></span> 
     </span>
     <span class='ocr_line' id='line_1_18' title="bbox 57 2167 1392 2262; baseline 0.004 -24"><span class='ocrx_word' id='word_1_153' title='bbox 57 2172 157 2242; x_wconf 88' lang='lat' dir='ltr'><strong>dirina</strong></span> <span class='ocrx_word' id='word_1_154' title='bbox 180 2177 371 2244; x_wconf 87' lang='lat' dir='ltr'><strong>charismata</strong></span> <span class='ocrx_word' id='word_1_155' title='bbox 393 2177 459 2244; x_wconf 87' lang='lat' dir='ltr'><strong>sive</strong></span> <span class='ocrx_word' id='word_1_156' title='bbox 474 2177 556 2244; x_wconf 91' lang='lat' dir='ltr'><strong>dona</strong></span> <span class='ocrx_word' id='word_1_157' title='bbox 572 2177 709 2262; x_wconf 89' lang='lat' dir='ltr'><strong>gratuita</strong></span> <span class='ocrx_word' id='word_1_158' title='bbox 724 2174 827 2262; x_wconf 80' lang='lat'><strong>(151),</strong></span> <span class='ocrx_word' id='word_1_159' title='bbox 845 2195 901 2262; x_wconf 88' lang='lat' dir='ltr'><strong>per</strong></span> <span class='ocrx_word' id='word_1_160' title='bbox 920 2176 1080 2244; x_wconf 90' lang='lat' dir='ltr'><strong>Christum</strong></span> <span class='ocrx_word' id='word_1_161' title='bbox 1097 2175 1278 2244; x_wconf 91' lang='lat' dir='ltr'><strong>hominibus</strong></span> <span class='ocrx_word' id='word_1_162' title='bbox 1386 2167 1392 2178; x_wconf 84' lang='lat'>&#39;</span> 
     </span>
     <span class='ocr_line' id='line_1_19' title="bbox 57 2279 1278 2373; baseline 0.003 -28"><span class='ocrx_word' id='word_1_163' title='bbox 57 2279 232 2363; x_wconf 84' lang='lat' dir='ltr'><strong>distributo,</strong></span> <span class='ocrx_word' id='word_1_164' title='bbox 253 2284 493 2370; x_wconf 90' lang='lat' dir='ltr'><strong>prophetarum,</strong></span> <span class='ocrx_word' id='word_1_165' title='bbox 508 2285 736 2373; x_wconf 77' lang='lat' dir='ltr'><strong>llpostolornm,</strong></span> <span class='ocrx_word' id='word_1_166' title='bbox 754 2284 1030 2371; x_wconf 85' lang='lat' dir='ltr'><strong>Evangelistarnm</strong></span> <span class='ocrx_word' id='word_1_167' title='bbox 1055 2291 1215 2369; x_wconf 90' lang='lat' dir='ltr'><strong>pastorum</strong></span> <span class='ocrx_word' id='word_1_168' title='bbox 1232 2288 1278 2349; x_wconf 88' lang='lat' dir='ltr'><strong>at-</strong></span> 
     </span>
    </p>

    <p class='ocr_par' dir='ltr' id='par_1_10' title="bbox 58 2387 1412 2690">
     <span class='ocr_line' id='line_1_20' title="bbox 59 2387 1412 2499; baseline 0.001 -46"><span class='ocrx_word' id='word_1_169' title='bbox 59 2403 116 2470; x_wconf 80' lang='lat' dir='ltr'><strong>que</strong></span> <span class='ocrx_word' id='word_1_170' title='bbox 139 2388 306 2456; x_wconf 91' lang='lat' dir='ltr'><strong>doctorum</strong></span> <span class='ocrx_word' id='word_1_171' title='bbox 331 2408 463 2457; x_wconf 89' lang='lat' dir='ltr'><strong>munera</strong></span> <span class='ocrx_word' id='word_1_172' title='bbox 483 2398 635 2470; x_wconf 88' lang='lat' dir='ltr'><strong>recenset,</strong></span> <span class='ocrx_word' id='word_1_173' title='bbox 650 2389 689 2457; x_wconf 94' lang='lat' dir='ltr'><strong>de</strong></span> <span class='ocrx_word' id='word_1_174' title='bbox 704 2389 829 2456; x_wconf 88' lang='lat' dir='ltr'><strong>Christo</strong></span> <span class='ocrx_word' id='word_1_175' title='bbox 843 2388 966 2456; x_wconf 81' lang='lat' dir='ltr'><strong>disens:</strong></span> <span class='ocrx_word' id='word_1_176' title='bbox 986 2389 1075 2456; x_wconf 87' lang='lat' dir='ltr'><strong>ldem</strong></span> <span class='ocrx_word' id='word_1_177' title='bbox 1090 2387 1177 2455; x_wconf 72' lang='lat' dir='ltr'><strong>(ledit</strong></span> <span class='ocrx_word' id='word_1_178' title='bbox 1193 2387 1278 2455; x_wconf 86' lang='lat' dir='ltr'><strong>otios</strong></span> <span class='ocrx_word' id='word_1_179' title='bbox 1323 2400 1412 2499; x_wconf 52' lang='lat' dir='ltr'><strong>*gg*</strong></span> 
     </span>
     <span class='ocr_line' id='line_1_21' title="bbox 58 2477 1401 2584; baseline 0.003 -27"><span class='ocrx_word' id='word_1_180' title='bbox 58 2493 186 2577; x_wconf 81' lang='lat' dir='ltr'><strong>quidem</strong></span> <span class='ocrx_word' id='word_1_181' title='bbox 211 2495 394 2582; x_wconf 84' lang='lat' dir='ltr'><strong>Apostolos,</strong></span> <span class='ocrx_word' id='word_1_182' title='bbox 419 2495 504 2563; x_wconf 85' lang='lat' dir='ltr'><strong>aiios</strong></span> <span class='ocrx_word' id='word_1_183' title='bbox 534 2515 612 2563; x_wconf 86' lang='lat' dir='ltr'><strong>vero</strong></span> <span class='ocrx_word' id='word_1_184' title='bbox 638 2495 829 2584; x_wconf 78' lang='lat' dir='ltr'><strong>propbetas,</strong></span> <span class='ocrx_word' id='word_1_185' title='bbox 858 2496 943 2563; x_wconf 86' lang='lat' dir='ltr'><strong>otios</strong></span> <span class='ocrx_word' id='word_1_186' title='bbox 971 2505 1080 2563; x_wconf 73' lang='lat' dir='ltr'><strong>auton</strong></span> <span class='ocrx_word' id='word_1_187' title='bbox 1108 2494 1278 2582; x_wconf 77' lang='lat' dir='ltr'><strong>Evnnpeti-</strong></span> <span class='ocrx_word' id='word_1_188' title='bbox 1359 2477 1366 2489; x_wconf 76' lang='grc'><strong>’</strong></span> <span class='ocrx_word' id='word_1_189' title='bbox 1394 2487 1401 2500; x_wconf 86' lang='grc'><em>“</em></span> 
     </span>
     <span class='ocr_line' id='line_1_22' title="bbox 59 2601 1278 2690; baseline 0.006 -26"><span class='ocrx_word' id='word_1_190' title='bbox 59 2607 138 2679; x_wconf 81' lang='lat' dir='ltr'><strong>stur,</strong></span> <span class='ocrx_word' id='word_1_191' title='bbox 160 2601 247 2670; x_wconf 85' lang='lat' dir='ltr'><strong>otios</strong></span> <span class='ocrx_word' id='word_1_192' title='bbox 269 2611 381 2670; x_wconf 77' lang='lat' dir='ltr'><strong>numm</strong></span> <span class='ocrx_word' id='word_1_193' title='bbox 402 2612 555 2690; x_wconf 84' lang='lat' dir='ltr'><strong>pastores</strong></span> <span class='ocrx_word' id='word_1_194' title='bbox 578 2623 619 2671; x_wconf 87' lang='lat' dir='ltr'><strong>uc</strong></span> <span class='ocrx_word' id='word_1_195' title='bbox 641 2603 797 2670; x_wconf 86' lang='lat' dir='ltr'><strong>doctores.</strong></span> <span class='ocrx_word' id='word_1_196' title='bbox 823 2603 881 2670; x_wconf 89' lang='lat' dir='ltr'><strong>Sed</strong></span> <span class='ocrx_word' id='word_1_197' title='bbox 904 2621 998 2690; x_wconf 89' lang='lat' dir='ltr'><strong>quern</strong></span> <span class='ocrx_word' id='word_1_198' title='bbox 1023 2603 1053 2669; x_wconf 93' lang='lat' dir='ltr'><strong>in</strong></span> <span class='ocrx_word' id='word_1_199' title='bbox 1077 2603 1193 2670; x_wconf 80' lang='lat' dir='ltr'><strong>linem?</strong></span> <span class='ocrx_word' id='word_1_200' title='bbox 1218 2604 1278 2671; x_wconf 81' lang='lat' dir='ltr'><strong>lu·</strong></span> 
     </span>
    </p>

    <p class='ocr_par' dir='ltr' id='par_1_11' title="bbox 58 2703 1278 2788">
     <span class='ocr_line' id='line_1_23' title="bbox 58 2703 1278 2788; baseline 0.006 -19"><span class='ocrx_word' id='word_1_201' title='bbox 58 2703 116 2774; x_wconf 92' lang='lat' dir='ltr'><strong>dite</strong></span> <span class='ocrx_word' id='word_1_202' title='bbox 140 2709 270 2777; x_wconf 63' lang='lat' dir='ltr'><strong>mulum</strong></span> <span class='ocrx_word' id='word_1_203' title='bbox 296 2709 445 2777; x_wconf 89' lang='lat' dir='ltr'><strong>continno</strong></span> <span class='ocrx_word' id='word_1_204' title='bbox 469 2709 671 2778; x_wconf 89' lang='lat' dir='ltr'><strong>subdentem:</strong></span> <span class='ocrx_word' id='word_1_205' title='bbox 694 2711 747 2778; x_wconf 82' lang='lat' dir='ltr'><strong>Act</strong></span> <span class='ocrx_word' id='word_1_206' title='bbox 770 2711 1049 2777; x_wconf 80' lang='lat' dir='ltr'><strong>instaurationem</strong></span> <span class='ocrx_word' id='word_1_207' title='bbox 1071 2718 1278 2788; x_wconf 84' lang='lat' dir='ltr'><strong>sanctornm,</strong></span> 
     </span>
    </p>

    <p class='ocr_par' dir='ltr' id='par_1_12' title="bbox 62 2811 1279 2902">
     <span class='ocr_line' id='line_1_24' title="bbox 62 2811 1279 2902; baseline 0.003 -23"><span class='ocrx_word' id='word_1_208' title='bbox 62 2811 93 2878; x_wconf 80' lang='lat' dir='ltr'><strong>in</strong></span> <span class='ocrx_word' id='word_1_209' title='bbox 114 2833 198 2902; x_wconf 83' lang='lat' dir='ltr'><strong>opus</strong></span> <span class='ocrx_word' id='word_1_210' title='bbox 221 2815 540 2895; x_wconf 72' lang='lat' dir='ltr'><strong>administrationis,</strong></span> <span class='ocrx_word' id='word_1_211' title='bbox 563 2815 599 2883; x_wconf 88' lang='lat' dir='ltr'><strong>in</strong></span> <span class='ocrx_word' id='word_1_212' title='bbox 615 2815 876 2901; x_wconf 76' lang='lat' dir='ltr'><strong>aedificationem</strong></span> <span class='ocrx_word' id='word_1_213' title='bbox 891 2817 1043 2902; x_wconf 86' lang='lat' dir='ltr'><strong>corporis</strong></span> <span class='ocrx_word' id='word_1_214' title='bbox 1068 2813 1200 2883; x_wconf 83' lang='lat' dir='ltr'><strong>Christi.</strong></span> <span class='ocrx_word' id='word_1_215' title='bbox 1220 2815 1279 2883; x_wconf 88' lang='lat' dir='ltr'><strong>Sed</strong></span> 
     </span>
    </p>

    <p class='ocr_par' dir='ltr' id='par_1_13' title="bbox 61 2921 1279 3008">
     <span class='ocr_line' id='line_1_25' title="bbox 61 2921 1279 3008; baseline 0.002 -22"><span class='ocrx_word' id='word_1_216' title='bbox 61 2929 173 3003; x_wconf 87' lang='lat' dir='ltr'><strong>quanto</strong></span> <span class='ocrx_word' id='word_1_217' title='bbox 198 2921 228 2990; x_wconf 93' lang='lat' dir='ltr'><strong>id</strong></span> <span class='ocrx_word' id='word_1_218' title='bbox 252 2931 393 3008; x_wconf 91' lang='lat' dir='ltr'><strong>tempore</strong></span> <span class='ocrx_word' id='word_1_219' title='bbox 416 2921 494 2990; x_wconf 86' lang='lat' dir='ltr'><strong>liett</strong></span> <span class='ocrx_word' id='word_1_220' title='bbox 518 2922 655 2990; x_wconf 92' lang='lat' dir='ltr'><strong>Eundem</strong></span> <span class='ocrx_word' id='word_1_221' title='bbox 672 2923 778 2991; x_wconf 78' lang='lat' dir='ltr'><strong>erudite</strong></span> <span class='ocrx_word' id='word_1_222' title='bbox 800 2922 995 2991; x_wconf 87' lang='lat' dir='ltr'><strong>continenter</strong></span> <span class='ocrx_word' id='word_1_223' title='bbox 1017 2921 1198 2990; x_wconf 89' lang='lat' dir='ltr'><strong>addentem:</strong></span> <span class='ocrx_word' id='word_1_224' title='bbox 1219 2923 1279 2989; x_wconf 87' lang='lat' dir='ltr'><strong>Do-</strong></span> 
     </span>
    </p>

    <p class='ocr_par' dir='ltr' id='par_1_14' title="bbox 65 3029 1279 3116">
     <span class='ocr_line' id='line_1_26' title="bbox 65 3029 1279 3116; baseline 0.006 -26"><span class='ocrx_word' id='word_1_225' title='bbox 65 3043 114 3092; x_wconf 83' lang='lat' dir='ltr'><strong>nec</strong></span> <span class='ocrx_word' id='word_1_226' title='bbox 133 3029 372 3116; x_wconf 81' lang='lat' dir='ltr'><strong>perveniamus</strong></span> <span class='ocrx_word' id='word_1_227' title='bbox 396 3048 510 3096; x_wconf 88' lang='lat' dir='ltr'><strong>omnes</strong></span> <span class='ocrx_word' id='word_1_228' title='bbox 532 3030 569 3096; x_wconf 88' lang='lat' dir='ltr'><strong>io</strong></span> <span class='ocrx_word' id='word_1_229' title='bbox 590 3029 750 3097; x_wconf 80' lang='lat' dir='ltr'><strong>lenitatem</strong></span> <span class='ocrx_word' id='word_1_230' title='bbox 765 3029 844 3116; x_wconf 76' lang='lat' dir='ltr'><strong>fidei</strong></span> <span class='ocrx_word' id='word_1_231' title='bbox 864 3039 894 3096; x_wconf 89' lang='lat' dir='ltr'><strong>et</strong></span> <span class='ocrx_word' id='word_1_232' title='bbox 908 3030 1110 3116; x_wconf 75' lang='lat' dir='ltr'><strong>agnitionem</strong></span> <span class='ocrx_word' id='word_1_233' title='bbox 1124 3029 1189 3116; x_wconf 80' lang='lat' dir='ltr'><strong>filii</strong></span> <span class='ocrx_word' id='word_1_234' title='bbox 1211 3030 1279 3110; x_wconf 88' lang='lat' dir='ltr'><strong>Dei,</strong></span> 
     </span>
    </p>

    <p class='ocr_par' dir='ltr' id='par_1_15' title="bbox 64 3131 1279 3223">
     <span class='ocr_line' id='line_1_27' title="bbox 64 3131 1279 3223; baseline 0.007 -29"><span class='ocrx_word' id='word_1_235' title='bbox 64 3131 93 3196; x_wconf 88' lang='lat' dir='ltr'><strong>in</strong></span> <span class='ocrx_word' id='word_1_236' title='bbox 115 3135 229 3202; x_wconf 80' lang='lat' dir='ltr'><strong>virum</strong></span> <span class='ocrx_word' id='word_1_237' title='bbox 242 3132 442 3220; x_wconf 77' lang='lat' dir='ltr'><strong>perfectum,</strong></span> <span class='ocrx_word' id='word_1_238' title='bbox 459 3135 495 3202; x_wconf 89' lang='lat' dir='ltr'><strong>in</strong></span> <span class='ocrx_word' id='word_1_239' title='bbox 512 3155 704 3202; x_wconf 83' lang='lat' dir='ltr'><strong>mensuram</strong></span> <span class='ocrx_word' id='word_1_240' title='bbox 722 3136 840 3203; x_wconf 85' lang='lat' dir='ltr'><strong>celatis</strong></span> <span class='ocrx_word' id='word_1_241' title='bbox 853 3135 969 3223; x_wconf 75' lang='lat' dir='ltr'><strong>plerane</strong></span> <span class='ocrx_word' id='word_1_242' title='bbox 992 3136 1127 3202; x_wconf 87' lang='lat' dir='ltr'><strong>adultae</strong></span> <span class='ocrx_word' id='word_1_243' title='bbox 1144 3133 1279 3216; x_wconf 84' lang='lat' dir='ltr'><strong>Christi,</strong></span> 
     </span>
    </p>

    <p class='ocr_par' dir='ltr' id='par_1_16' title="bbox 64 3237 1279 3329">
     <span class='ocr_line' id='line_1_28' title="bbox 64 3237 1279 3329; baseline 0.006 -27"><span class='ocrx_word' id='word_1_244' title='bbox 64 3237 115 3306; x_wconf 87' lang='lat' dir='ltr'><strong>hnc</strong></span> <span class='ocrx_word' id='word_1_245' title='bbox 138 3248 197 3320; x_wconf 88' lang='lat' dir='ltr'><strong>est,</strong></span> <span class='ocrx_word' id='word_1_246' title='bbox 221 3259 324 3327; x_wconf 84' lang='lat' dir='ltr'><strong>nsque</strong></span> <span class='ocrx_word' id='word_1_247' title='bbox 347 3241 386 3308; x_wconf 92' lang='lat' dir='ltr'><strong>ad</strong></span> <span class='ocrx_word' id='word_1_248' title='bbox 411 3243 506 3310; x_wconf 91' lang='lat' dir='ltr'><strong>seculi</strong></span> <span class='ocrx_word' id='word_1_249' title='bbox 533 3243 842 3322; x_wconf 90' lang='lat' dir='ltr'><strong>consummationem,</strong></span> <span class='ocrx_word' id='word_1_250' title='bbox 859 3261 897 3310; x_wconf 89' lang='lat' dir='ltr'><strong>ne</strong></span> <span class='ocrx_word' id='word_1_251' title='bbox 916 3243 988 3329; x_wconf 85' lang='lat' dir='ltr'><strong>qrris</strong></span> <span class='ocrx_word' id='word_1_252' title='bbox 1010 3243 1148 3310; x_wconf 81' lang='lat' dir='ltr'><strong>cavillari</strong></span> <span class='ocrx_word' id='word_1_253' title='bbox 1171 3243 1279 3328; x_wconf 89' lang='lat' dir='ltr'><strong>possit,</strong></span> 
     </span>
    </p>

    <p class='ocr_par' dir='ltr' id='par_1_17' title="bbox 64 3342 1279 3434">
     <span class='ocr_line' id='line_1_29' title="bbox 64 3342 1279 3434; baseline 0.007 -26"><span class='ocrx_word' id='word_1_254' title='bbox 64 3342 89 3410; x_wconf 92' lang='lat' dir='ltr'><strong>id</strong></span> <span class='ocrx_word' id='word_1_255' title='bbox 112 3355 234 3414; x_wconf 87' lang='lat' dir='ltr'><strong>tantum</strong></span> <span class='ocrx_word' id='word_1_256' title='bbox 267 3347 298 3414; x_wconf 94' lang='lat' dir='ltr'><strong>in</strong></span> <span class='ocrx_word' id='word_1_257' title='bbox 330 3347 485 3434; x_wconf 85' lang='lat' dir='ltr'><strong>principio</strong></span> <span class='ocrx_word' id='word_1_258' title='bbox 518 3349 673 3416; x_wconf 89' lang='lat' dir='ltr'><strong>nascentis</strong></span> <span class='ocrx_word' id='word_1_259' title='bbox 696 3348 848 3416; x_wconf 82' lang='lat' dir='ltr'><strong>Ecclesiae</strong></span> <span class='ocrx_word' id='word_1_260' title='bbox 878 3349 1004 3417; x_wconf 89' lang='lat' dir='ltr'><strong>lactum.</strong></span> <span class='ocrx_word' id='word_1_261' title='bbox 1028 3349 1115 3434; x_wconf 74' lang='lat' dir='ltr'><strong>eris</strong></span> <span class='ocrx_word' id='word_1_262' title='bbox 1138 3349 1279 3428; x_wconf 89' lang='lat' dir='ltr'><strong>obsecro,</strong></span> 
     </span>
    </p>

    <p class='ocr_par' dir='ltr' id='par_1_18' title="bbox 61 3453 1279 3542">
     <span class='ocr_line' id='line_1_30' title="bbox 61 3453 1279 3542; baseline 0.007 -28"><span class='ocrx_word' id='word_1_263' title='bbox 61 3466 98 3516; x_wconf 83' lang='lat' dir='ltr'><strong>es</strong></span> <span class='ocrx_word' id='word_1_264' title='bbox 120 3453 170 3520; x_wconf 91' lang='lat' dir='ltr'><strong>his</strong></span> <span class='ocrx_word' id='word_1_265' title='bbox 193 3472 256 3520; x_wconf 93' lang='lat' dir='ltr'><strong>non</strong></span> <span class='ocrx_word' id='word_1_266' title='bbox 280 3453 440 3541; x_wconf 89' lang='lat' dir='ltr'><strong>intelligat,</strong></span> <span class='ocrx_word' id='word_1_267' title='bbox 467 3455 557 3522; x_wconf 84' lang='lat' dir='ltr'><strong>iuxta</strong></span> <span class='ocrx_word' id='word_1_268' title='bbox 580 3455 753 3523; x_wconf 90' lang='lat' dir='ltr'><strong>doctrinam</strong></span> <span class='ocrx_word' id='word_1_269' title='bbox 770 3455 972 3542; x_wconf 83' lang='lat' dir='ltr'><strong>lpostolicam</strong></span> <span class='ocrx_word' id='word_1_270' title='bbox 996 3463 1165 3524; x_wconf 85' lang='lat' dir='ltr'><strong>externum</strong></span> <span class='ocrx_word' id='word_1_271' title='bbox 1181 3473 1218 3523; x_wconf 89' lang='lat' dir='ltr'><strong>ac</strong></span> <span class='ocrx_word' id='word_1_272' title='bbox 1234 3455 1279 3522; x_wconf 86' lang='lat' dir='ltr'><strong>vi-</strong></span> 
     </span>
    </p>

    <p class='ocr_par' dir='ltr' id='par_1_19' title="bbox 63 3557 1281 3968">
     <span class='ocr_line' id='line_1_31' title="bbox 63 3557 1279 3649; baseline 0.007 -29"><span class='ocrx_word' id='word_1_273' title='bbox 63 3557 145 3628; x_wconf 88' lang='lat' dir='ltr'><strong>sibile</strong></span> <span class='ocrx_word' id='word_1_274' title='bbox 167 3559 240 3626; x_wconf 87' lang='lat' dir='ltr'><strong>nori</strong></span> <span class='ocrx_word' id='word_1_275' title='bbox 265 3561 440 3628; x_wconf 89' lang='lat' dir='ltr'><strong>testamenti</strong></span> <span class='ocrx_word' id='word_1_276' title='bbox 458 3561 678 3642; x_wconf 88' lang='lat' dir='ltr'><strong>sacerdotium,</strong></span> <span class='ocrx_word' id='word_1_277' title='bbox 701 3562 784 3649; x_wconf 89' lang='lat' dir='ltr'><strong>quod</strong></span> <span class='ocrx_word' id='word_1_278' title='bbox 801 3563 852 3631; x_wconf 93' lang='lat' dir='ltr'><strong>hic</strong></span> <span class='ocrx_word' id='word_1_279' title='bbox 872 3570 1032 3649; x_wconf 92' lang='lat' dir='ltr'><strong>pastorum</strong></span> <span class='ocrx_word' id='word_1_280' title='bbox 1055 3580 1091 3629; x_wconf 88' lang='lat' dir='ltr'><strong>ac</strong></span> <span class='ocrx_word' id='word_1_281' title='bbox 1114 3562 1279 3630; x_wconf 91' lang='lat' dir='ltr'><strong>doctorum</strong></span> 
     </span>
     <span class='ocr_line' id='line_1_32' title="bbox 64 3665 1281 3755; baseline 0.004 -25"><span class='ocrx_word' id='word_1_282' title='bbox 64 3667 180 3734; x_wconf 88' lang='lat' dir='ltr'><strong>nomine</strong></span> <span class='ocrx_word' id='word_1_283' title='bbox 203 3665 398 3752; x_wconf 89' lang='lat' dir='ltr'><strong>designatur,</strong></span> <span class='ocrx_word' id='word_1_284' title='bbox 421 3685 489 3736; x_wconf 89' lang='lat' dir='ltr'><strong>esse</strong></span> <span class='ocrx_word' id='word_1_285' title='bbox 513 3669 645 3754; x_wconf 89' lang='lat' dir='ltr'><strong>speciale</strong></span> <span class='ocrx_word' id='word_1_286' title='bbox 668 3669 824 3755; x_wconf 88' lang='lat' dir='ltr'><strong>quoddam</strong></span> <span class='ocrx_word' id='word_1_287' title='bbox 847 3669 900 3736; x_wconf 91' lang='lat' dir='ltr'><strong>Dei</strong></span> <span class='ocrx_word' id='word_1_288' title='bbox 925 3669 1092 3748; x_wconf 89' lang='lat' dir='ltr'><strong>charisma,</strong></span> <span class='ocrx_word' id='word_1_289' title='bbox 1107 3668 1224 3736; x_wconf 92' lang='lat' dir='ltr'><strong>donum</strong></span> <span class='ocrx_word' id='word_1_290' title='bbox 1248 3676 1281 3736; x_wconf 90' lang='lat' dir='ltr'><strong>et</strong></span> 
     </span>
     <span class='ocr_line' id='line_1_33' title="bbox 64 3773 1280 3861; baseline 0.001 -21"><span class='ocrx_word' id='word_1_291' title='bbox 64 3780 252 3852; x_wconf 79' lang='lat' dir='ltr'><strong>ponentem,</strong></span> <span class='ocrx_word' id='word_1_292' title='bbox 277 3791 339 3840; x_wconf 93' lang='lat' dir='ltr'><strong>non</strong></span> <span class='ocrx_word' id='word_1_293' title='bbox 365 3773 523 3860; x_wconf 91' lang='lat' dir='ltr'><strong>baptismo</strong></span> <span class='ocrx_word' id='word_1_294' title='bbox 538 3793 734 3843; x_wconf 92' lang='lat' dir='ltr'><strong>communem</strong></span> <span class='ocrx_word' id='word_1_295' title='bbox 751 3775 907 3854; x_wconf 73' lang='lat' dir='ltr'><strong>omnihus</strong></span> <span class='ocrx_word' id='word_1_296' title='bbox 930 3784 962 3842; x_wconf 90' lang='lat' dir='ltr'><strong>at</strong></span> <span class='ocrx_word' id='word_1_297' title='bbox 987 3775 1207 3861; x_wconf 89' lang='lat' dir='ltr'><strong>Episcoporum</strong></span> <span class='ocrx_word' id='word_1_298' title='bbox 1231 3793 1280 3841; x_wconf 90' lang='lat' dir='ltr'><strong>or·</strong></span> 
     </span>
     <span class='ocr_line' id='line_1_34' title="bbox 63 3875 1280 3968; baseline 0.007 -27"><span class='ocrx_word' id='word_1_299' title='bbox 63 3875 213 3946; x_wconf 74' lang='lat' dir='ltr'><strong>clinatione</strong></span> <span class='ocrx_word' id='word_1_300' title='bbox 244 3879 463 3949; x_wconf 88' lang='lat' dir='ltr'><strong>sacerdotibus</strong></span> <span class='ocrx_word' id='word_1_301' title='bbox 496 3883 679 3968; x_wconf 76' lang='lat' dir='ltr'><strong>propriam?</strong></span> <span class='ocrx_word' id='word_1_302' title='bbox 702 3883 798 3949; x_wconf 85' lang='lat' dir='ltr'><strong>Porro</strong></span> <span class='ocrx_word' id='word_1_303' title='bbox 820 3883 974 3968; x_wconf 90' lang='lat' dir='ltr'><strong>geminam</strong></span> <span class='ocrx_word' id='word_1_304' title='bbox 998 3881 1198 3949; x_wconf 89' lang='lat' dir='ltr'><strong>sacerdotalis</strong></span> <span class='ocrx_word' id='word_1_305' title='bbox 1227 3900 1280 3949; x_wconf 90' lang='lat' dir='ltr'><strong>or-</strong></span> 
     </span>
    </p>

    <p class='ocr_par' dir='ltr' id='par_1_20' title="bbox 62 3981 1281 4182">
     <span class='ocr_line' id='line_1_35' title="bbox 63 3981 1281 4075; baseline 0.008 -29"><span class='ocrx_word' id='word_1_306' title='bbox 63 3981 136 4054; x_wconf 88' lang='lat' dir='ltr'><strong>dinis</strong></span> <span class='ocrx_word' id='word_1_307' title='bbox 160 3991 346 4072; x_wconf 90' lang='lat' dir='ltr'><strong>potestatem</strong></span> <span class='ocrx_word' id='word_1_308' title='bbox 374 3988 527 4073; x_wconf 87' lang='lat' dir='ltr'><strong>ltpostolis</strong></span> <span class='ocrx_word' id='word_1_309' title='bbox 557 3996 588 4055; x_wconf 93' lang='lat' dir='ltr'><strong>et</strong></span> <span class='ocrx_word' id='word_1_310' title='bbox 618 3988 779 4075; x_wconf 89' lang='lat' dir='ltr'><strong>discipulis</strong></span> <span class='ocrx_word' id='word_1_311' title='bbox 800 4005 974 4075; x_wconf 86' lang='lat' dir='ltr'><strong>eorumque</strong></span> <span class='ocrx_word' id='word_1_312' title='bbox 998 3988 1232 4056; x_wconf 87' lang='lat' dir='ltr'><strong>successorihus</strong></span> <span class='ocrx_word' id='word_1_313' title='bbox 1262 4007 1281 4056; x_wconf 91' lang='lat' dir='ltr'><strong>a</strong></span> 
     </span>
     <span class='ocr_line' id='line_1_36' title="bbox 62 4087 1280 4182; baseline 0.003 -24"><span class='ocrx_word' id='word_1_314' title='bbox 62 4087 182 4161; x_wconf 84' lang='lat' dir='ltr'><strong>Christo</strong></span> <span class='ocrx_word' id='word_1_315' title='bbox 205 4092 351 4160; x_wconf 90' lang='lat' dir='ltr'><strong>traditam</strong></span> <span class='ocrx_word' id='word_1_316' title='bbox 376 4111 454 4176; x_wconf 88' lang='lat' dir='ltr'><strong>esse,</strong></span> <span class='ocrx_word' id='word_1_317' title='bbox 479 4095 730 4163; x_wconf 80' lang='lat' dir='ltr'><strong>orthodoxorum</strong></span> <span class='ocrx_word' id='word_1_318' title='bbox 753 4095 892 4182; x_wconf 87' lang='lat' dir='ltr'><strong>primum</strong></span> <span class='ocrx_word' id='word_1_319' title='bbox 917 4094 1173 4180; x_wconf 90' lang='lat' dir='ltr'><strong>interpretatione</strong></span> <span class='ocrx_word' id='word_1_320' title='bbox 1201 4092 1280 4162; x_wconf 91' lang='lat' dir='ltr'><strong>didi·</strong></span> 
     </span>
    </p>

    <p class='ocr_par' dir='ltr' id='par_1_21' title="bbox 64 4197 1280 4288">
     <span class='ocr_line' id='line_1_37' title="bbox 64 4197 1280 4288; baseline 0.007 -26"><span class='ocrx_word' id='word_1_321' title='bbox 64 4197 167 4279; x_wconf 86' lang='lat' dir='ltr'><strong>eimus,</strong></span> <span class='ocrx_word' id='word_1_322' title='bbox 191 4217 288 4267; x_wconf 91' lang='lat' dir='ltr'><strong>unam</strong></span> <span class='ocrx_word' id='word_1_323' title='bbox 313 4200 513 4268; x_wconf 89' lang='lat' dir='ltr'><strong>consecrandi</strong></span> <span class='ocrx_word' id='word_1_324' title='bbox 537 4219 653 4288; x_wconf 89' lang='lat' dir='ltr'><strong>corpus</strong></span> <span class='ocrx_word' id='word_1_325' title='bbox 675 4201 789 4270; x_wconf 88' lang='lat' dir='ltr'><strong>Christi</strong></span> <span class='ocrx_word' id='word_1_326' title='bbox 807 4219 929 4281; x_wconf 87' lang='lat' dir='ltr'><strong>verum,</strong></span> <span class='ocrx_word' id='word_1_327' title='bbox 945 4207 1017 4268; x_wconf 93' lang='lat' dir='ltr'><strong>ante</strong></span> <span class='ocrx_word' id='word_1_328' title='bbox 1036 4201 1210 4287; x_wconf 89' lang='lat' dir='ltr'><strong>passionem</strong></span> <span class='ocrx_word' id='word_1_329' title='bbox 1235 4201 1280 4270; x_wconf 91' lang='lat' dir='ltr'><strong>eis</strong></span> 
     </span>
    </p>

    <p class='ocr_par' dir='ltr' id='par_1_22' title="bbox 64 4301 1280 4394">
     <span class='ocr_line' id='line_1_38' title="bbox 64 4301 1280 4394; baseline 0.003 -24"><span class='ocrx_word' id='word_1_330' title='bbox 64 4301 159 4374; x_wconf 89' lang='lat' dir='ltr'><strong>datam</strong></span> <span class='ocrx_word' id='word_1_331' title='bbox 184 4305 216 4372; x_wconf 94' lang='lat' dir='ltr'><strong>in</strong></span> <span class='ocrx_word' id='word_1_332' title='bbox 241 4313 386 4374; x_wconf 85' lang='lat' dir='ltr'><strong>extrema</strong></span> <span class='ocrx_word' id='word_1_333' title='bbox 409 4323 516 4388; x_wconf 90' lang='lat' dir='ltr'><strong>coena,</strong></span> <span class='ocrx_word' id='word_1_334' title='bbox 532 4309 625 4376; x_wconf 91' lang='lat' dir='ltr'><strong>simul</strong></span> <span class='ocrx_word' id='word_1_335' title='bbox 641 4316 735 4394; x_wconf 88' lang='lat' dir='ltr'><strong>atque</strong></span> <span class='ocrx_word' id='word_1_336' title='bbox 751 4307 927 4376; x_wconf 87' lang='lat' dir='ltr'><strong>sacerdotes</strong></span> <span class='ocrx_word' id='word_1_337' title='bbox 942 4309 1037 4375; x_wconf 89' lang='lat' dir='ltr'><strong>creati</strong></span> <span class='ocrx_word' id='word_1_338' title='bbox 1055 4314 1139 4387; x_wconf 90' lang='lat' dir='ltr'><strong>suot,</strong></span> <span class='ocrx_word' id='word_1_339' title='bbox 1155 4307 1280 4394; x_wconf 85' lang='lat' dir='ltr'><strong>quando</strong></span> 
     </span>
    </p>
   </div>
   <div class='ocr_carea' id='block_1_3' title="bbox 128 4539 325 4610">
    <p class='ocr_par' dir='ltr' id='par_1_23' title="bbox 128 4539 325 4610">
     <span class='ocr_line' id='line_1_39' title="bbox 128 4539 325 4610; baseline -0.01 -15"><span class='ocrx_word' id='word_1_340' title='bbox 128 4539 136 4572; x_wconf 91' lang='lat'><strong>¹</strong></span> <span class='ocrx_word' id='word_1_341' title='bbox 156 4543 242 4610; x_wconf 83' lang='lat' dir='ltr'><strong>Supra</strong></span> <span class='ocrx_word' id='word_1_342' title='bbox 263 4541 325 4594; x_wconf 77' lang='grc'><strong>160.</strong></span> 
     </span>
    </p>
   </div>
   <div class='ocr_carea' id='block_1_4' title="bbox 0 0 1713 5096">
    <p class='ocr_par' dir='ltr' id='par_1_24' title="bbox 0 0 1713 5096">
     <span class='ocr_line' id='line_1_40' title="bbox 0 0 1713 5096; baseline 0 0"><span class='ocrx_word' id='word_1_343' title='bbox 0 0 1713 5096; x_wconf 95' lang='lat' dir='ltr'><strong> </strong></span> 
     </span>
    </p>
   </div>
  </div>
 </body>
</html>
