3364 5092
339 210 381 276 68
653 226 850 276 consumto
874 227 1106 276 huruuuhutsul
1129 227 1247 275 DANlCl.

335 369 372 420 ao
394 369 435 418 ex
458 368 514 419 ore
537 350 667 437 spiritus
689 352 786 418 sancti
813 352 1030 436 pronuntiatae
1054 351 1084 417 in
1110 351 1219 436 primis
1242 351 1280 418 ad
1304 350 1512 418 Christianam
1537 357 1584 418 et

337 457 550 542 Evangelicam
574 457 747 524 doctrinam
773 458 930 542 pertinere
953 456 1125 524 censendae
1148 465 1232 525 sunt.

425 562 527 647 Quina
550 563 633 649 quod
658 581 697 630 ne
721 581 777 648 per
801 563 956 648 sapientes
977 563 1104 649 quidem
1142 564 1239 631 huius
1269 564 1378 643 seculi,
1402 572 1439 631 ut
1465 563 1580 649 pbilo-

188 688 313 786 smmai.
336 669 463 754 sophos,
489 675 524 736 ut
545 676 698 748 oratores,
724 676 758 736 ut
784 669 959 748 historicos,
982 677 1019 735 ut
1041 672 1158 754 po'e'tas,
1175 669 1406 756 quadamtenus
1426 670 1576 736 locutum

202 795 286 839 nona.
336 793 405 843 esse
427 775 573 860 spiritum
599 784 740 844 sanctum
766 775 895 842 inficiari
915 777 1079 860 possimus.
1104 775 1179 842 Nam
1198 775 1304 842 innata
1320 775 1501 842 hominibus
1518 793 1579 841 ra-

336 882 391 961 tio,
415 899 478 968 qua
501 899 610 950 omnes
626 881 734 949 literae
750 882 908 949 seculares
924 889 990 948 tum
1009 882 1152 949 inventae
1176 890 1242 948 tum
1267 881 1461 968 conscriptae
1482 889 1576 959 sunt,

336 995 385 1056 est
407 988 495 1074 quasi
521 988 629 1055 radius
650 987 745 1054 diuini
772 988 898 1056 luminis
923 988 1084 1054 hominum
1109 995 1229 1056 mentes
1249 989 1422 1067 illustram,
1445 987 1574 1054 dicente

166 1113 246 1159 narn.
262 1113 313 1166 qr.
336 1094 375 1162 ad
399 1094 560 1161 dominum
586 1095 843 1180 psalmographo:
868 1095 1046 1180 Signatum
1069 1102 1247 1186 estsuper
1269 1113 1331 1161 noa
1361 1093 1471 1160 lumen
1495 1093 1574 1158 uol-

212 1220 242 1264 o.
258 1219 277 1271 r,
292 1219 313 1264 o.
337 1207 390 1268 tua
415 1201 476 1279 tui,
500 1201 640 1267 domiue.
663 1201 746 1268 Deus
763 1201 879 1286 (inquit
904 1201 1108 1286 avangelista)
1125 1201 1185 1267 lua
1207 1221 1289 1268 uero
1305 1208 1363 1278 est,
1387 1219 1473 1289 quoe
1497 1200 1575 1266 illu-

336 1307 443 1373 minat
467 1325 595 1373 ontrtcm
619 1305 781 1374 hominem
806 1307 982 1402 uenientem
1006 1307 1042 1372 io
1066 1303 1155 1372 hunc
1189 1307 1364 1374 anundum.
1391 1308 1489 1373 lluius
1512 1325 1572 1372 au-

338 1419 400 1480 tem
425 1412 535 1480 insitae
552 1412 668 1478 homini
695 1413 823 1479 rationis
846 1414 962 1489 lumen,
986 1413 1044 1480 etsi
1069 1422 1196 1498 peccato
1218 1413 1346 1500 quidem
1365 1415 1577 1482 vehementer

336 1519 553 1598 obscuratum,
576 1525 624 1586 est
648 1519 891 1604 haudquaquam
917 1528 1018 1585 tamen
1054 1537 1188 1604 prorsus
1209 1520 1397 1587 extinctum.
1429 1520 1499 1604 Quo
1524 1520 1573 1597 ht,

338 1633 373 1692 ut
398 1625 494 1692 huius
519 1625 625 1691 mundi
661 1626 827 1710 sapientes,
862 1632 1019 1712 quatenus
1049 1626 1175 1712 quidem
1202 1627 1386 1694 humanitus
1419 1625 1573 1711 impediti,

337 1748 429 1816 saepe
452 1749 488 1796 ac
511 1731 650 1816 grauiter
675 1731 854 1799 hallucinati
879 1731 958 1810 sint;
983 1749 1000 1798 e
1028 1731 1197 1809 contrario,
1220 1739 1377 1818 quatenus
1400 1731 1498 1798 adiuti
1523 1731 1571 1799 di-

338 1839 465 1917 vinitus
490 1838 583 1904 nativi
611 1838 737 1905 luminis
760 1838 911 1905 beneficio
936 1837 1071 1923 plurima
1095 1845 1162 1906 lum
1189 1857 1261 1906 uere
1278 1847 1344 1904 tum
1369 1838 1489 1905 utiliter
1514 1855 1572 1905 ex-

338 1943 504 2030 cogitarint
526 1951 622 2030 atque
645 1943 897 2030 conscripserint.
923 1945 997 2010 llinc
1020 1963 1038 2010 a
1063 1945 1131 2012 lesu
1159 1945 1268 2012 Sirach
1301 1961 1375 2010 mox
1404 1943 1434 2009 in
1468 1944 1573 2011 lroute

177 2070 242 2116 aaa.
258 2070 278 2122 r,
294 2070 315 2114 r.
338 2049 409 2117 libri
434 2051 482 2116 sui
506 2050 624 2116 dictum
648 2057 713 2116 est:
733 2049 848 2116 Omnia
869 2049 1036 2136 supientia
1059 2070 1082 2116 c
1106 2051 1239 2117 domiuo
1265 2051 1330 2116 Deo
1352 2057 1407 2116 est.
1441 2053 1571 2135 aposlo-

169 2175 320 2275 mqnco.
340 2156 391 2223 lus
417 2175 545 2242 quoque
569 2156 683 2223 Paulus
704 2155 743 2223 de
767 2155 961 2242 philosophis
983 2157 1122 2242 gentium
1149 2157 1245 2224 verba
1275 2156 1408 2224 iaciens:
1440 2156 1490 2234 ld,
1523 2157 1571 2222 in·

250 2231 266 2285 “)
340 2263 420 2348 quit,
444 2263 531 2350 quod
553 2263 593 2330 de
619 2263 682 2329 lico
705 2263 858 2350 cognosci
876 2271 991 2348 puteat,
1016 2261 1232 2349 manifestum
1249 2272 1296 2328 eat
1318 2263 1354 2329 in
1378 2262 1454 2330 illia
1483 2263 1574 2330 Deua

338 2369 424 2436 enim
450 2369 515 2436 illia
529 2366 692 2456 patefacit.
718 2369 885 2457 Siquidem
903 2387 988 2457 quoe
1009 2378 1089 2436 aunt
1104 2369 1289 2436 inuisibilia
1305 2368 1408 2448 illius,
1425 2389 1465 2436 eac
1481 2389 1574 2436 creu-

340 2476 426 2542 tiooe
448 2475 578 2553 mundi,
602 2476 683 2542 ditm
705 2495 891 2561 peropaca
915 2476 1156 2561 intelliguntur,
1179 2477 1407 2562 pervidentur,
1432 2477 1575 2563 ipsoque

339 2591 474 2648 octona
497 2582 569 2648 cius
589 2583 738 2666 potentio
760 2601 802 2648 oc
824 2582 993 2650 dicicitur.
1020 2583 1197 2668 Propterea,
1221 2583 1245 2650 si
1271 2601 1425 2668 quarere
1448 2583 1573 2667 sapien-

338 2695 386 2755 tes
410 2688 518 2755 mundi
543 2689 659 2773 scripta
683 2687 891 2774 reliquerunt,
913 2689 953 2756 ab
975 2689 1171 2757 orthodoxae
1188 2689 1258 2756 hdei
1276 2697 1401 2757 nostrae
1416 2689 1574 2774 dogmatis

339 2793 466 2862 minime
489 2795 694 2874 dissentauea,
728 2795 907 2881 neutiquam
940 2795 1030 2862 nobis
1063 2795 1259 2881 aspernanda
1286 2802 1372 2873 sunt,
1402 2803 1436 2862 at
1466 2795 1576 2880 potius

340 2906 489 2986 tanquam
514 2899 554 2968 ab
578 2899 703 2968 iniustis
726 2901 959 2986 possessoribus
983 2901 1014 2967 in
1038 2919 1132 2968 usum
1157 2909 1282 2968 nostrae
1315 2900 1474 2988 religionis
1498 2918 1573 2968 con-

341 3006 500 3085 vertenda,
526 3006 620 3093 idque
643 3007 776 3092 Apostoli
802 3007 885 3074 Pauli
917 3007 1073 3092 exemplo,
1109 3008 1163 3093 qui
1199 3007 1248 3074 vel
1272 3007 1368 3074 trium
1405 3009 1573 3092 poetarum

339 3111 542 3192 Graecorum,
566 3113 660 3193 hrati,
686 3113 873 3199 Epimenidis
895 3121 926 3182 et
950 3113 1108 3180 Menandri
1144 3113 1293 3192 carmina,
1319 3112 1446 3181 totidem
1471 3114 1502 3180 in
1532 3114 1575 3180 lo

340 3219 384 3286 cis
408 3218 515 3298 citare,
540 3219 593 3286 ubi
619 3237 707 3286 suam
732 3219 763 3285 in
786 3237 852 3286 rem
877 3237 945 3287 csse
969 3219 1141 3298 uideretur,
1166 3220 1249 3287 haud
1273 3219 1460 3306 dedignatus
1482 3227 1531 3286 est
1549 3223 1573 3297 ¹,

340 3341 414 3392 cum
436 3325 552 3410 alioqui
579 3325 678 3392 maior
701 3343 826 3411 semper
850 3326 1122 3412 philosophorum,
1146 3323 1211 3408 (36)
1235 3332 1410 3405 oratorum,
1434 3325 1501 3393 sire
1525 3326 1573 3392 hi-

341 3430 541 3511 storicorum,
565 3450 660 3517 quam
678 3435 853 3517 poetarum,
886 3439 948 3500 tam
973 3433 1056 3518 apud
1080 3432 1216 3500 Graecus
1238 3451 1333 3518 quam
1358 3432 1443 3517 apud
1461 3432 1574 3498 latinos

341 3538 437 3605 iuuerit
459 3539 639 3606 auctoritas.
663 3539 873 3623 Quamobrem
906 3549 937 3606 et
969 3539 1172 3607 Ethoioorum
1197 3540 1316 3618 literae,
1341 3539 1407 3606 sive
1435 3538 1573 3623 philoso

413 3786 422 3818 ¹
443 3787 523 3842 Mella.
543 3789 564 3840 V
585 3786 634 3840 lb:
654 3789 811 3856 Quanquam
831 3803 882 3842 una
902 3795 981 3856 atque
999 3789 1079 3841 altera
1098 3787 1275 3853 disputatione
1293 3791 1358 3841 haec
1376 3785 1461 3840 obiter
1479 3794 1506 3840 et
1524 3801 1572 3840 cau

341 3889 453 3942 parerga
467 3877 641 3942 interspergat
653 3876 779 3945 (Paulus),
793 3883 882 3943 utpote
895 3877 1099 3930 accommodans
1114 3891 1172 3930 sese
1184 3891 1287 3940 coruum,
1300 3877 1429 3930 adversus
1441 3889 1510 3943 quos
1523 3877 1573 3929 dls·

341 3965 413 4029 serit,
431 3967 453 4018 si
471 3979 540 4033 quae
560 3979 622 4018 vera
642 3973 716 4018 arant
734 3967 855 4029 assecuti,
873 3966 960 4029 dictis,
978 3979 1032 4033 quo
1050 3965 1173 4019 videlicet
1192 3966 1306 4031 propriis
1320 3966 1438 4031 ipsorum
1457 3967 1574 4018 conluta·

341 4063 432 4108 rentur
449 4054 588 4108 autoribus
605 4055 782 4123 cederentque
794 4055 907 4108 veritati.
927 4055 969 4118 Sic
981 4053 1127 4109 Menandri
1134 4055 1268 4108 senarium
1287 4053 1401 4108 obiectat
1416 4051 1571 4107 Corinthiis:

341 4143 521 4209 Corrumpunt
541 4143 646 4212 (lnquit)
667 4143 750 4198 bonos
769 4159 857 4198 mores
876 4145 1004 4213 colloquia
1029 4158 1120 4210 prava.
1146 4145 1188 4198 Sic
1212 4143 1380 4198 deensibus
1407 4142 1571 4212 Epicnemidia

224 4291 229 4303 Ι
342 4245 459 4296 versum,
478 4247 532 4298 quo
552 4234 647 4285 horum
667 4233 807 4286 vanitatem
827 4247 942 4299 arguens
959 4231 1008 4286 alt:
1028 4232 1165 4287 Cretenses
1185 4245 1290 4300 semper
1303 4232 1454 4296 mendaces,
1467 4240 1573 4286 ventres

342 4320 420 4387 pigri,
439 4321 523 4374 malac
543 4319 648 4374 bestiae
667 4321 750 4376 hlicui
769 4329 795 4374 et
812 4324 930 4376 drotum
958 4322 1067 4386 inducit,
1095 4321 1225 4375 adversus
1252 4321 1450 4376 Atheniensium
1478 4321 1571 4375 delira·

342 4416 446 4464 menta:
466 4409 550 4477 ipsius
568 4409 637 4462 enim
656 4415 682 4463 et
700 4423 784 4476 genus
801 4424 904 4464 sumus.

1325 4505 1330 4531 l

1331 4546 1338 4578 l
