3390 5096
361 295 424 360 190
674 310 869 360 consulario
891 311 1122 361 Luruuatrttsnu
1145 311 1262 362 unslet.

358 437 452 504 animi
477 436 584 504 dolore
607 437 806 522 agnoscimus
828 444 859 504 et
883 437 1089 516 monumen
1113 445 1208 524 atque
1231 454 1300 504 mea
1316 436 1442 523 quidem
1462 444 1596 504 senten-

360 543 401 609 tia
426 544 499 610 irinc
521 543 623 610 omnis
653 543 752 609 nostri
784 543 881 610 seculi
913 551 1083 628 tempestas
1112 543 1233 610 oborta.
1264 543 1330 610 Non
1361 544 1445 610 enim
1484 544 1594 610 locum

358 649 517 735 iidemque
551 649 636 716 dedit
669 649 817 735 signilero
841 657 945 716 vostro
978 650 1016 715 Μ.
1053 650 1191 716 Lutlrem
1223 656 1334 716 contra
1355 649 1596 735 praeiudicium
1686 685 1687 738 y

358 761 454 844 atque
477 772 663 822 consensum
689 762 734 822 tot
763 755 954 834 seculorum,
979 763 1024 823 tot
1047 756 1221 835 nationum,
1243 755 1379 842 denique
1409 756 1515 822 totius
1541 755 1597 821 Ec-

358 861 470 929 clesiae
494 879 549 948 per
567 861 749 928 universum
768 868 927 929 terrerum
942 862 1051 929 orbem
1074 861 1223 941 diffusae,
1234 861 1328 948 idque
1350 861 1382 927 in
1401 861 1598 930 haeresibus

359 986 421 1036 non
445 969 541 1036 semel
565 968 720 1035 maiorum
745 967 931 1037 auctoritate
954 967 1177 1048 condemnatis,
1201 967 1300 1054 ipsius
1327 967 1456 1054 quidem
1481 968 1598 1053 singu-

359 1075 434 1142 laris
465 1075 529 1142 ulla
552 1075 654 1142 virtus
684 1080 739 1142 aut
766 1074 912 1154 eruditio,
936 1092 1096 1161 —quam
1129 1081 1215 1142 certe
1246 1075 1364 1142 nullam
1388 1074 1498 1142 adhuc
1523 1090 1597 1141 esse

359 1199 451 1250 nemo
476 1182 523 1248 rel
549 1180 748 1248 mediocriter
771 1181 882 1248 doctus
905 1199 966 1248 non
991 1179 1075 1249 uidet
1090 1205 1152 1260 -;
1168 1181 1223 1248 sed
1244 1181 1396 1267 flagitiosa
1410 1181 1595 1248 multorum

359 1289 478 1374 ubique
502 1286 699 1358 sacerdotum
724 1287 787 1353 rita
809 1295 904 1373 atquc
927 1287 1059 1366 inscitia,
1082 1306 1177 1374 quam
1203 1288 1252 1355 nel
1274 1305 1423 1355 accusare
1450 1288 1502 1355 rel
1530 1287 1597 1352 rin·

359 1413 432 1463 cere
455 1394 574 1460 nullius
597 1394 688 1479 plane
713 1393 826 1480 negotii
858 1393 909 1472 sit,
940 1394 1125 1478 praesertim
1154 1394 1256 1462 iudice
1279 1393 1395 1479 populo
1423 1393 1469 1476 (in
1496 1393 1596 1460 cuius

358 1501 490 1589 gratiam
514 1501 605 1587 agitis
627 1501 744 1583 omnia)
767 1517 840 1568 cum
863 1517 921 1568 sua
943 1500 1004 1566 iam
1027 1501 1101 1566 olim
1125 1506 1245 1585 sponte,
1270 1507 1337 1566 tum
1353 1499 1594 1566 abominatione

359 1607 573 1694 praesentium
597 1624 721 1673 morum
753 1607 784 1672 in
812 1605 1044 1674 Ecclesiasticus
1074 1623 1134 1673 non
1160 1624 1271 1692 parum
1300 1623 1440 1673 accenso.
1465 1607 1504 1672 tt
1533 1606 1595 1672 im-

360 1713 458 1799 proba
481 1713 556 1780 cleri
581 1712 645 1780 vita
668 1712 747 1780 nilnil
770 1713 930 1780 meliorem
948 1711 1050 1780 reddit
1073 1712 1220 1780 haeretici
1238 1729 1375 1790 causam,
1391 1729 1496 1798 neque
1516 1728 1596 1778 vera

361 1819 579 1887 ministrorum
604 1818 756 1886 Ecclesiae
791 1818 947 1886 accusatio
970 1817 1078 1885 salsam
1111 1818 1264 1886 Ecclesiae
1290 1818 1381 1886 tidem
1415 1833 1594 1903 veramque

362 1925 505 1992 haeresin
529 1925 633 1992 efficit.
661 1925 792 2011 Oportet
814 1921 1013 2012 offendiculo
1027 1923 1114 2009 fieri,
1130 1931 1165 1990 ot
1180 1943 1242 1992 voe
1256 1922 1385 1992 donnini
1400 1943 1463 2010 per
1479 1941 1591 2013 quem.

193 2047 267 2094 unu.
282 2046 302 2102 ⁷.
317 2045 338 2091 t.
361 2032 479 2099 Verum
504 2031 685 2118 hypocritae
706 2031 858 2118 primum
874 2029 999 2098 tradem
1014 2050 1055 2097 ec
1070 2029 1175 2098 oculis
1190 2031 1308 2097 vestras
1327 2031 1439 2112 eiicite,
1462 2038 1495 2098 et
1520 2038 1592 2096 tum

362 2137 516 2218 ridebitis,
540 2146 576 2206 ut
599 2138 729 2206 eiiciatis
751 2136 913 2224 festucam
937 2137 976 2204 de
998 2137 1091 2205 oculo
1113 2138 1247 2206 lratrum
1272 2140 1492 2206 vestrorunt

451 2245 610 2312 Postremo
633 2244 716 2331 quod
741 2245 772 2312 in
797 2245 881 2312 calce
902 2244 1078 2324 annectitis,
1103 2262 1157 2311 ros
1180 2261 1217 2311 ea
1247 2243 1285 2312 de
1308 2263 1344 2312 re
1367 2240 1460 2329 (tut)
1484 2260 1593 2311 saeer-

361 2350 449 2418 dotes
473 2358 596 2418 nostros
618 2351 776 2437 appellare
794 2351 941 2436 Papistas‚
965 2350 1048 2437 quod
1066 2351 1169 2436 impiis
1192 2351 1433 2418 Romanensium
1452 2349 1591 2418 decretis

364 2459 430 2545 (qui
457 2459 554 2544 Papae
576 2457 636 2525 dici
660 2460 845 2543 coeperunt)
868 2457 899 2524 in
923 2464 1024 2524 totum
1048 2464 1123 2524 sunt
1145 2456 1270 2536 addicti,
1294 2457 1435 2542 neglecto
1459 2455 1591 2524 interim

364 2583 439 2633 vero
461 2565 576 2632 Christi
601 2564 771 2632 sacerdotis
792 2563 916 2642 ollicio;
941 2599 983 2614 -
1008 2564 1145 2650 primum
1171 2563 1221 2631 liic
1246 2581 1301 2631 ros
1324 2564 1406 2631 scire
1428 2564 1589 2639 volumus,

363 2671 447 2758 quod
470 2673 528 2739 etsi
564 2671 766 2758 contemptim
791 2689 846 2740 vos
869 2669 996 2756 quidem
1027 2689 1084 2737 nos
1117 2669 1280 2756 appellatis
1303 2670 1452 2755 Papistas,
1487 2667 1591 2737 haud-

363 2796 522 2864 quaquam
547 2785 651 2844 tamen
675 2777 809 2844 nominis
826 2777 923 2862 Papae
947 2795 1004 2844 nos
1019 2775 1148 2862 pudere.
1165 2777 1240 2844 Nam
1265 2777 1320 2864 qui
1336 2775 1448 2861 Papam
1470 2774 1589 2843 Christi

363 2885 527 2964 vicarium,
552 2884 632 2951 Petri
656 2900 868 2951 successorem
893 2891 924 2950 et
947 2882 1134 2950 universalis
1159 2883 1310 2951 Ecclesiae
1341 2889 1498 2968 pastorem
1525 2899 1589 2950 nou

363 2992 503 3077 agnoscit
526 2995 657 3077 patrem,
682 3008 739 3058 neo
763 2990 930 3058 Ecclesiam
954 2989 1069 3056 Christi
1093 3007 1238 3075 sponsam
1263 2989 1380 3058 habere
1404 2997 1506 3076 potest
1523 3007 1590 3056 ma·
1686 3037 1687 3070 ,

364 3103 454 3164 trem.
479 3095 587 3182 Neque
610 3113 720 3164 recens
742 3103 789 3163 est
814 3096 912 3182 Papae
943 3113 1054 3163 nomen
1087 3096 1132 3180 (iu
1155 3095 1239 3182 quod
1263 3095 1294 3162 in
1319 3096 1455 3163 transitu
1479 3095 1590 3164 subin·

363 3203 473 3270 dicatis
489 3201 529 3287 *)‚
552 3203 592 3270 ab
615 3203 683 3271 heri
708 3207 758 3286 (ut
780 3202 882 3286 aiunt)
905 3208 937 3269 et
967 3201 1199 3271 nudiustertius
1229 3209 1349 3282 natum,
1381 3210 1490 3290 utpote
1525 3219 1589 3271 sae·

364 3310 436 3396 pius
451 3309 533 3395 apud
551 3309 783 3395 Hieronymum,
799 3309 989 3395 cyprianum
1005 3309 1146 3396 aliosque
1162 3317 1285 3378 veteres
1300 3311 1473 3377 inventum.
1492 3309 1589 3378 Porro

366 3417 575 3484 Romanorum
592 3416 775 3484 Pontificum
801 3421 895 3502 (quos
917 3415 968 3482 hic
992 3416 1201 3484 Romanenses
1216 3416 1374 3485 fastidiose
1396 3416 1512 3498 dicitis)
1535 3416 1590 3485 de-

365 3530 451 3590 creta
473 3539 534 3590 non
558 3540 626 3590 esse
650 3523 754 3608 impla,
776 3530 809 3588 et
831 3522 862 3588 in
886 3520 988 3607 primo
1011 3524 1211 3609 congressu²
1234 3531 1266 3590 et
1285 3523 1345 3590 sub
1368 3523 1516 3609 proximo
1538 3540 1589 3590 ar·

366 3629 488 3696 ticulo8
520 3629 628 3714 paucis
658 3630 689 3694 in
724 3629 907 3696 universum
939 3627 1141 3696 ostendimus.
1171 3667 1213 3678 -
1241 3629 1382 3715 lienique
1412 3628 1590 3697 sacerdotes

365 3742 489 3804 nostros
512 3736 543 3802 in
569 3745 668 3803 toturn
691 3735 829 3803 addictos
851 3754 919 3804 esse
934 3736 1069 3803 decretis
1090 3736 1283 3816 Pontificum,
1299 3737 1440 3822 neglecto
1462 3735 1588 3803 interim

428 3869 438 3890 ⁹
456 3869 621 3918 subindicatis.

437 4147 445 4179 ¹
468 4151 549 4203 Simili
569 4151 648 4204 modo
666 4151 744 4203 vertit
757 4151 924 4203 llerlrorneus
936 4151 997 4202 Luc.
1011 4151 1036 4216 6,
1051 4149 1093 4202 ll.
1108 4149 1132 4202 iu
1146 4147 1268 4204 Metdodo
1281 4149 1302 4201 Τ
1317 4146 1367 4202 lb:
1387 4146 1459 4203 Et't'ce
1472 4149 1588 4216 primunt

366 4237 469 4292 tradem
481 4239 516 4291 de
534 4240 610 4292 oculo
629 4246 674 4292 tuo
694 4246 803 4306 tumque
814 4237 1018 4304 circumspicies,
1035 4244 1062 4292 ut
1075 4244 1100 4291 et
1111 4237 1243 4306 festucam
1255 4251 1286 4290 ex
1300 4237 1385 4290 tratris
1403 4239 1480 4291 oculo
1499 4236 1588 4293 eiioms

365 4341 482 4394 -quae
501 4327 588 4380 versio
606 4341 690 4396 nepae
709 4327 831 4380 conuenit
848 4325 978 4395 Vulpotoe
991 4325 1065 4392 (Lite.
1077 4327 1101 4390 o,
1119 4324 1151 4379 il
1162 4343 1168 4393 3
1181 4325 1266 4380 llattli.
1280 4325 1306 4392 ⁹1,
1325 4325 1352 4394 5)
1372 4339 1459 4393 neque
1473 4324 1589 4382 Erusmi.

437 4414 448 4446 ¹
468 4416 511 4468 65.

438 4503 521 4558 'Art
544 4505 584 4558 tc.
605 4505 665 4558 tul.
