3390 5096
507 286 636 335 neurius
659 285 865 336 cousenssus.
1236 273 1300 336 217

78 411 118 474 cis
139 409 373 490 adstruximus,
396 409 514 497 quiippe
549 411 580 478 in
611 429 675 496 quo
709 411 775 478 solo
810 411 918 497 positis
939 411 1160 481 deiunctorum
1189 413 1301 482 animis

79 515 290 584 Ecclesiastica
314 526 513 585 mortuorum
536 536 615 585 cura
637 518 678 585 sit
700 525 732 586 et
756 519 842 586 utilis
864 525 895 586 et
911 519 1103 587 necessaria:
1119 516 1220 608 primo
1235 519 1303 612 qui3

78 622 141 688 dem
165 631 291 692 constet
313 642 330 691 e
355 619 521 709 praedictis
542 625 581 693 de
605 625 798 711 purgatoria,
821 625 939 692 animes
963 625 1004 693 ibi
1028 627 1213 694 constitutas
1233 644 1301 694 esse

78 745 204 814 capaces
227 730 370 798 omnium
395 731 518 816 piorum
541 750 685 818 opernm,
709 749 791 817 qirae
806 751 825 798 a
841 731 1019 800 viventibus
1042 732 1093 799 bic
1113 731 1159 800 eis
1181 733 1301 818 impen-

77 835 204 902 duntur.
231 837 307 904 Nam
331 855 372 904 ex
396 855 460 922 quo
490 835 642 905 charitas
665 843 758 921 (teste
781 838 938 924 apostolo)
969 857 1145 927 uunquam
1167 839 1300 918 excidit,
1318 853 1469 908 acuam.

78 941 272 1018 charitatem,
309 943 338 1010 in
374 963 438 1030 qua
468 945 542 1013 hinc
576 945 799 1024 discesserunt,
831 944 934 1013 adbuc
966 953 1083 1026 tenent,
1115 965 1171 1032 per
1205 964 1300 1032 quam

77 1057 146 1114 sunt
171 1051 317 1118 membra
341 1051 460 1136 mystici
486 1052 629 1137 corporis
652 1052 778 1131 Cbristi,
803 1071 864 1118 non
888 1070 980 1120 secus
1002 1059 1097 1139 atque
1120 1051 1229 1120 fideles
1252 1052 1302 1120 bic

78 1154 219 1224 interra
244 1157 393 1225 virentes.
418 1159 497 1226 llaec
528 1167 633 1226 antem
665 1159 786 1244 mystici
822 1159 964 1245 corporis
995 1159 1160 1239 connexio,
1191 1177 1303 1244 nempe

77 1263 217 1330 omnium
242 1265 358 1332 Cbristi
383 1265 521 1334 lidelium
545 1285 604 1334 ceu
628 1266 843 1333 membrorum
868 1266 899 1332 in
923 1284 988 1333 uno
1012 1266 1113 1351 capite
1129 1265 1197 1334 lesu
1212 1265 1303 1333 Cbrl-
1337 1283 1399 1327 non.
1414 1281 1448 1326 u.

78 1377 133 1448 sto,
158 1369 250 1437 iuxta
274 1371 448 1440 doctrinam
466 1372 681 1459 apostolicam,
705 1372 788 1440 basis
803 1381 850 1440 est
865 1389 902 1439 ac
918 1371 1157 1439 fundamentum
1175 1381 1304 1440 nrutuae
1321 1335 1457 1446 hafflig*

78 1477 369 1546 communicationis
392 1487 423 1546 et
447 1480 693 1566 participationis
709 1480 864 1546 bonorum
881 1496 1032 1564 operum;
1049 1479 1303 1565 quandoquidem

79 1581 156 1649 iuter
180 1585 323 1652 eiusdem
346 1587 488 1672 corporis
512 1587 653 1654 membra
678 1586 800 1653 nullum
825 1585 878 1653 riui
903 1585 961 1653 sibi
986 1593 1095 1652 natum
1120 1593 1177 1664 est,
1201 1586 1254 1654 sed
1272 1586 1303 1652 iu

79 1705 169 1756 usum
194 1691 330 1758 aliorum
354 1693 506 1759 oinnium.
531 1689 648 1762 Deinde
680 1711 755 1761 vero
786 1693 884 1779 liquet
918 1709 959 1759 ex
984 1691 1022 1759 iis
1044 1709 1126 1778 quae
1148 1691 1186 1759 de
1210 1691 1304 1760 missa

81 1797 224 1877 proxime
247 1799 330 1866 dicta
354 1807 438 1878 sont,
463 1800 589 1867 missam
613 1817 681 1868 esse
705 1799 845 1867 amnium
864 1799 987 1884 piorum
1005 1816 1137 1883 operum
1155 1806 1186 1865 et
1204 1799 1303 1865 maxi-

81 1919 165 1968 mum
182 1916 214 1972 et
229 1905 492 1986 efficacissimum,
517 1914 625 1992 utpote
648 1907 857 1974 coutinentem
875 1906 958 1971 illem
975 1905 1105 1973 eandem
1123 1905 1255 1972 bostiam
1273 1902 1303 1972 in

80 2025 132 2074 ara
154 2013 260 2080 crucis
283 2013 431 2092 oblatam,
456 2031 569 2098 nempe
594 2014 692 2080 lesum
716 2011 888 2091 Cbristum,
904 2013 959 2098 qui
983 2029 1041 2097 pro
1057 2011 1204 2078 omnibus
1220 2029 1304 2078 mor-

82 2123 141 2182 tem
175 2137 288 2204 passas
322 2121 436 2200 omnia,
471 2138 552 2207 quae
578 2121 676 2187 velerit
709 2139 727 2186 a
760 2128 848 2206 patre
876 2119 1073 2204 impetravit;
1109 2125 1303 2205 quapropter

82 2223 192 2293 missae
214 2226 331 2294 oblatio
356 2247 416 2294 uon
442 2228 521 2296 rivis
543 2227 646 2306 modo,
671 2245 781 2294 verum
814 2227 907 2294 etiam
943 2225 1099 2294 deiunctis
1130 2243 1304 2294 accommo-

82 2327 143 2396 dari
169 2329 261 2417 (189)
286 2343 387 2420 potest
409 2343 504 2422 atque
540 2335 697 2420 prodesse,
723 2342 789 2402 tum
813 2334 852 2401 ad
887 2333 1020 2401 leviores
1044 2333 1212 2400 venialium
1237 2351 1305 2418 pec·

82 2445 220 2506 catorum
247 2441 385 2508 maculas
407 2440 565 2520 eluendae,
591 2449 658 2508 tum
682 2440 721 2508 ad
752 2438 974 2508 exsolvendam
999 2438 1208 2507 criminalium
1234 2457 1304 2524 pcc·

82 2553 220 2612 catorum
245 2547 498 2628 satisfactionem,
522 2565 603 2634 quae
628 2548 830 2634 inpraesenti
849 2547 912 2614 vita
928 2564 988 2613 nan
1007 2547 1109 2613 luerat
1128 2545 1265 2631 depensa
1278 2547 1304 2626 *‚

82 2667 143 2733 quo
165 2653 281 2738 duplici
307 2655 431 2722 nomme
454 2673 490 2722 ac
513 2655 576 2722 line
600 2655 819 2742 purgatorium
837 2654 867 2720 in
892 2654 968 2721 orbe
984 2653 1135 2721 divinitus
1158 2671 1225 2721 esse
1242 2663 1303 2721 sta-

84 2763 185 2827 tutum
208 2761 384 2830 docuimus.

169 2867 226 2935 Sod
260 2875 296 2935 ut
326 2868 365 2937 de
396 2870 550 2955 piurimis,
576 2870 684 2955 paucis
717 2869 836 2955 aliquot
865 2868 1095 2952 scripturarum
1121 2867 1305 2935 testimoniis

84 2969 149 3054 boc,
174 2975 212 3042 de
247 2993 311 3060 quo
344 2977 460 3062 agitur,
495 2975 708 3055 ostendamus,
733 2976 854 3061 primus
880 2975 932 3042 ille
967 2973 1007 3040 sit
1042 2975 1128 3041 locus
1163 2975 1304 3040 omniurn

85 3077 138 3146 bac
171 3081 209 3148 de
240 3099 276 3149 re
306 3083 533 3167 apertissimus,
569 3083 622 3168 qrri
660 3083 690 3148 in
727 3081 985 3149 llacbabaeoruui
1019 3080 1150 3147 bisloria
1180 3080 1305 3166 legitur,

84 3187 164 3269 quod
197 3187 304 3254 Imlas
326 3186 549 3256 Machelones
581 3186 677 3274 sacta
707 3187 877 3256 collatimte
900 3187 1071 3254 doudecim
1095 3186 1203 3254 millta
1224 3187 1306 3254 dra·
1323 3198 1346 3244 ¹·
1360 3198 1474 3297 Ψ

86 3288 197 3360 cimas
231 3295 364 3382 arpenti
393 3295 484 3362 misit
517 3295 792 3382 Hierosolymam,
816 3293 932 3381 offer-ri
952 3313 1015 3379 pro
1045 3292 1187 3379 peccatis
1218 3313 1306 3360 mor-
1428 3284 1434 3296 '

86 3405 217 3467 luorum
241 3401 462 3486 sacrificium,
487 3401 562 3469 bene
585 3411 613 3468 ct
637 3400 787 3488 relipiore
809 3401 848 3467 de
872 3399 1113 3467 resturectiouc
1146 3399 1304 3486 capitana.

87 3502 158 3572 ilici
186 3508 272 3574 enim
308 3526 362 3574 eac
395 3509 455 3596 qai
487 3509 683 3586 ceciderant,
714 3515 962 3573 resurrecturos
995 3515 1156 3592 speraret,
1190 3525 1306 3591 soper-

84 3607 187 3692 llaum
212 3613 380 3681 videretur
403 3623 431 3682 et
454 3633 592 3693 vanam,
616 3634 718 3680 orare
737 3633 801 3700 pro
819 3613 970 3680 nrortut's.
991 3613 1029 3679 Et
1052 3612 1140 3701 quod
1161 3613 1306 3678 comide-

87 3721 194 3800 rabat,
219 3723 307 3810 quod
329 3719 366 3788 lii
387 3721 446 3810 qai
468 3740 542 3788 caru
577 3721 696 3808 pietate
726 3721 955 3788 dormitionem
986 3729 1194 3805 acceperam,
1224 3720 1307 3805 opti·

86 3847 170 3896 raom
209 3827 363 3896 baberent
398 3830 577 3914 repositam
600 3829 760 3916 pralium.
786 3827 912 3894 Sancta
934 3847 1012 3914 erpo
1035 3835 1064 3892 ct
1090 3825 1239 3892 salabria
1261 3835 1309 3893 est

86 3936 238 4022 copitalia
258 3955 323 4023 pro
345 3932 511 4020 ‹defuncti-c
541 3954 694 4014 exorare,
725 3945 762 4000 ut
797 3954 820 4000 a
853 3935 995 4019 peccatis
1026 3931 1211 4000 solvamur.
1248 3932 1307 4017 Qui

86 4059 156 4110 sane
192 4043 281 4122 liber,
306 4061 345 4110 ne
375 4043 448 4128 quis
471 4043 701 4109 baereticorum
735 4060 821 4108 more
845 4041 874 4107 id
898 4040 979 4108 lorte
1002 4040 1222 4118 calumnietur,
1250 4039 1307 4106 etsi

88 4167 143 4218 non
168 4159 216 4218 est
239 4151 269 4218 in
295 4167 412 4218 canone
438 4149 633 4228 ludaeorum,
664 4167 758 4234 quern
785 4149 991 4234 Hieronymus
1026 4147 1056 4214 in
1094 4147 1221 4232 prologo
1255 4165 1308 4232 pa-

88 4256 164 4326 leato
188 4257 258 4325 libri
285 4258 401 4344 Regum
425 4255 584 4334 describit,
617 4256 774 4323 tamenin
803 4272 921 4322 canone
954 4253 1106 4321 Ecclesiae
1138 4271 1309 4322 connume-

88 4375 184 4444 ratur,
210 4365 342 4434 testibus
367 4364 552 4450 llieronymo
577 4363 606 4430 in
631 4362 768 4430 secundo
793 4363 921 4449 prologo
953 4363 1049 4429 buius
1080 4361 1162 4440 libri,
1186 4369 1217 4429 et
1249 4363 1309 4427 lu-

148 4497 159 4520 ·
176 4497 331 4558 depretiem.
