3384 5082
534 333 662 383 ruscius
684 333 891 384 concncssus.
1260 315 1319 380 att

97 458 250 526 thematis
274 459 392 527 fulmen
416 459 447 526 in
472 476 527 525 vos
549 477 644 545 quam
669 459 837 526 iustissime
861 459 1030 526 iaculatum
1053 475 1122 525 esse
1145 456 1237 524 modo
1252 475 1325 543 pro-

92 565 257 644 bavimus,
281 566 331 633 cui
357 567 404 633 ret
430 583 481 634 res
504 565 571 651 ipsa
594 565 686 634 sulem
710 565 834 633 abunde
859 565 940 643 lacit,
960 564 1096 650 quando,
1114 572 1182 649 post
1198 581 1325 630 excom-

93 673 323 740 municationis
345 673 530 740 sententiam
555 672 585 739 in
611 672 781 740 vestatam
811 674 941 739 Satanae
965 671 1107 756 potestati
1140 671 1239 756 magis
1261 678 1325 737 tra-

91 777 162 858 diti,
189 797 294 865 nsque
317 779 394 847 adeo
417 779 448 846 in
472 779 612 847 deterius
634 779 758 848 assidue
791 779 975 864 profecistis
999 787 1035 845 nt
1066 778 1097 844 in
1132 776 1323 863 profundum

93 893 302 968 peccatorum
328 903 411 952 nnnc
441 885 568 953 demum
597 885 802 972 praecipitati,
827 885 953 951 omnino
984 883 1199 960 contemnatis
1223 900 1325 968 neque

94 990 200 1058 [lenm
226 1009 331 1078 neque
355 993 512 1060 nominem
537 1000 606 1079 post
630 993 689 1058 hac
714 999 866 1060 verentes.
972 1023 976 1029 <

187 1099 307 1166 Deinde
330 1117 406 1166 ncm
430 1100 470 1167 sit
492 1099 700 1177 mendacium,
724 1099 815 1166 istius
838 1099 998 1166 satanicae
1020 1115 1193 1184 synagogae
1217 1097 1326 1164 Viber·

93 1205 205 1289 gensis
230 1204 390 1272 ministros
414 1206 660 1290 praesumpsisse
684 1205 741 1288 (sic
765 1207 847 1272 enim
884 1205 977 1272 habet
1000 1205 1163 1284 articulus,
1185 1203 1326 1290 qnando

93 1311 229 1395 quidem
253 1312 330 1378 nihil
362 1313 466 1379 minus
492 1329 547 1379 eos
578 1330 667 1398 posse
700 1330 773 1378 mox
808 1313 1032 1394 ostendemus),
1057 1320 1150 1380 extra
1174 1311 1326 1378 Ecclesiae

94 1418 354 1484 communionem
377 1417 489 1486 eiicere
514 1419 582 1486 illos
606 1419 710 1497 etiam,
735 1419 787 1505 qni
814 1419 916 1486 missis
933 1419 1068 1486 Romano
1086 1436 1171 1485 more
1188 1416 1325 1485 celebra-

96 1524 137 1590 tis
161 1524 348 1604 interfuere,
372 1525 397 1592 si
433 1543 495 1592 non
528 1545 613 1605 voce,
638 1533 740 1592 tamen
775 1527 899 1612 reipsa
933 1534 1037 1593 vestra
1060 1526 1200 1611 ipsorum
1230 1524 1327 1591 rerba

98 1633 197 1715 paulo
223 1639 292 1718 post
316 1632 366 1698 lric
390 1633 531 1700 subiecta
560 1633 731 1712 declarant,
755 1633 872 1718 quibus
897 1633 953 1719 ipsi
978 1632 1080 1700 dicitis
1110 1651 1146 1698 ac
1176 1631 1325 1708 fatemini,

97 1743 239 1805 tentasse
255 1737 325 1806 illos
340 1739 614 1806 excommunicare
637 1739 814 1806 sacerdotes
838 1741 975 1806 Romano
998 1740 1086 1806 moie
1103 1739 1228 1805 missam
1246 1738 1326 1804 cete·

96 1843 240 1912 brantes.
265 1847 300 1911 tt
322 1844 469 1912 facientes
491 1855 523 1914 et
546 1847 774 1914 consentientes
796 1846 903 1914 cadem
929 1863 1027 1932 poem
1049 1846 1132 1911 omni
1150 1845 1220 1911 iure
1235 1841 1325 1926 (225)

96 1949 185 2035 digni
206 1959 292 2026 sunt,
307 1950 429 2018 dicente
452 1953 596 2037 apostolo
620 1953 730 2018 Paulo:
750 1952 916 2036 Quoniam
939 1953 1126 2038 utquisque
1142 1959 1245 2018 morte
1260 1970 1326 2017 nou
1350 1959 1410 2004 nou.
1426 1960 1446 2012 1.
1461 1957 1494 2004 ³²·

96 2055 207 2122 solum
232 2057 292 2144 qui
313 2057 398 2124 totid.
421 2055 564 2144 faciunt,
587 2059 644 2124 red
667 2059 766 2125 etium
789 2060 849 2147 qni
882 2059 1088 2125 consentiunt
1115 2056 1325 2145 [urientibus.

99 2197 141 2212 -
168 2163 267 2229 Porro
290 2163 373 2249 quod
396 2164 641 2242 calumniamini,
665 2165 695 2231 in
721 2165 880 2250 prioribus
910 2165 1052 2231 articulis
1082 2164 1197 2231 Danica
1221 2163 1327 2248 lingua

100 2268 256 2335 exhibitis
279 2287 336 2336 nos
359 2287 426 2337 esse
451 2271 571 2337 locutos
593 2270 631 2337 de
656 2272 758 2338 missis
782 2272 884 2355 prisca
906 2271 1133 2336 Christianismi
1158 2277 1327 2336 consuetu-

98 2373 184 2454 dine,
209 2393 294 2443 nunc
317 2395 392 2444 vero
416 2377 446 2442 in
470 2377 611 2444 articulis
635 2377 738 2444 latinis
760 2377 917 2444 demissis
934 2376 1327 2444 Romanomorecelelrra-

99 2482 151 2560 tis,
176 2483 266 2568 quasi
293 2483 351 2550 hoc
374 2483 511 2552 studiose
535 2484 615 2552 facto
638 2485 676 2552 ad
701 2486 872 2552 Romanum
897 2502 1015 2550 morem
1034 2493 1181 2570 tanquam
1198 2483 1236 2550 ad
1257 2501 1326 2568 asy-

101 2587 168 2656 lum
192 2589 319 2674 aliquod
343 2589 595 2676 confugeremus
619 2599 821 2677 posteaquam
846 2591 932 2657 nulla
955 2609 1026 2675 spes
1044 2591 1132 2675 prins
1148 2590 1222 2656 illud
1241 2590 1328 2656 evin-

100 2695 190 2762 cendi
217 2695 306 2762 nobis
328 2697 492 2774 arrideret,
517 2715 573 2764 nec
609 2699 688 2764 rima
718 2698 883 2784 quaepiam
915 2697 1054 2764 elabendi
1092 2703 1223 2782 pateret,
1253 2715 1325 2762 rum

102 2811 210 2870 noster
234 2802 381 2870 missandi
407 2805 487 2871 ritus
511 2808 561 2884 (nt
583 2805 685 2871 dicitis
706 2804 847 2890 quidem)
872 2804 1048 2889 longissime
1071 2823 1089 2868 a
1113 2804 1175 2870 ritu
1200 2807 1327 2889 Aposto-

102 2908 180 2976 licae
204 2909 357 2976 Ecclesiae
379 2910 460 2977 absit
475 2935 535 2975 -ε
554 2911 604 2976 tric
628 2911 862 2996 respondemus,
879 2911 966 2977 nntlo
983 2910 1011 2976 id
1031 2909 1145 2977 factum
1162 2927 1230 2976 esse
1245 2909 1325 2975 doto.

102 3015 232 3096 l'ernm,
256 3015 338 3083 sicut
361 3034 455 3082 unam
480 3034 548 3084 esse
582 3018 740 3084 credimus
773 3017 936 3084 Ecclesiam
973 3017 1168 3094 catholicam,
1192 3034 1272 3101 quae
1296 3024 1327 3082 et

102 3123 239 3190 Romana
261 3141 281 3188 a
303 3124 403 3208 capite
427 3131 646 3210 nuncupatur;
664 3125 706 3190 ita
721 3143 848 3210 qnoque
871 3124 1038 3202 credimus,
1059 3141 1153 3190 urnam
1170 3141 1237 3190 esse
1255 3123 1327 3188 mis-

101 3247 167 3296 sam
194 3229 298 3313 prisca
327 3229 554 3297 Christianismi
586 3230 822 3298 consuetudime
857 3239 888 3297 et
920 3231 1055 3297 Romano
1079 3248 1166 3296 more
1189 3229 1328 3296 cetenra-

102 3341 176 3402 tarn.
201 3334 355 3420 Quocirca
378 3335 458 3402 forte
483 3335 608 3403 fortuna
643 3337 788 3424 loquendi
823 3337 902 3403 ratio
935 3344 1053 3403 rrurrtata
1075 3345 1133 3414 est,
1158 3355 1217 3402 non
1242 3335 1326 3420 qnod

102 3443 192 3527 prius
217 3441 293 3507 illud
316 3441 477 3509 evincendi
501 3460 555 3527 spe
578 3442 718 3510 destituti
743 3461 895 3522 essemus,
912 3452 967 3509 ant
983 3443 1065 3528 qnod
1085 3442 1170 3508 nulla
1186 3441 1325 3508 elabendi

102 3549 183 3615 rima
218 3548 307 3614 nobis
341 3555 517 3634 appareret,
553 3549 816 3634 quemadmodum
854 3567 908 3616 ros
943 3549 1055 3624 dicitis,
1091 3550 1144 3615 sed
1180 3548 1326 3635 qnoniam

102 3663 278 3740 utrumque
309 3655 501 3722 tantumdem
537 3673 605 3722 csse
640 3655 845 3722 arbitramur.
878 3656 941 3721 Non
978 3655 1059 3722 enirn
1097 3656 1253 3722 Romanus
1277 3655 1328 3721 hic

102 3760 250 3828 missandi
286 3761 368 3829 ritus
401 3761 441 3828 ab
483 3762 673 3848 spostolicae
713 3762 865 3830 Ecclesiae
909 3763 971 3828 ritu
1013 3762 1190 3846 longissime
1230 3761 1327 3828 abest.

103 3869 185 3954 Quin
223 3869 327 3953 potins
362 3876 397 3935 nt
423 3869 588 3936 Ecclesiam
611 3875 750 3936 nostram
776 3876 884 3954 (qnam
909 3870 1043 3954 ingenue
1068 3869 1234 3934 Romanam
1260 3887 1328 3936 esse

101 3975 265 4054 latemur),
296 3975 356 4042 sub
387 3975 521 4041 articulo
557 3975 681 4060 primo¹
708 3976 923 4060 apostolicam,
956 3975 984 4042 id
1016 3983 1074 4054 est,
1105 3974 1146 4042 ab
1176 3976 1328 4060 rlpostolis

105 4083 274 4166 plantatam
298 4089 330 4148 et
366 4082 394 4148 ln
426 4081 569 4148 doctrina
599 4101 709 4148 eorum
742 4084 802 4148 iam
836 4083 906 4150 inde
938 4083 1089 4150 hactenus
1124 4090 1326 4168 propagatam

101 4205 170 4256 esse
192 4187 373 4268 docuimns;
399 4188 441 4255 ita
464 4207 592 4275 qnoque
614 4188 716 4275 dignis
740 4189 800 4256 fnte
829 4189 968 4256 historiis
1001 4187 1114 4256 docere
1150 4207 1327 4275 possumus

102 4303 246 4362 nostrum
271 4295 355 4363 hrrnc
380 4295 525 4362 missandi
557 4297 652 4363 ritnm
690 4297 861 4362 Romanum
893 4297 932 4363 ab
967 4295 1119 4381 apostolis
1153 4313 1220 4362 esse
1256 4314 1327 4381 pro·

175 4529 183 4560 ¹
204 4532 288 4598 Supra
309 4531 351 4584 tlt.
