3390 5096
369 296 431 362 tet
682 310 878 360 coururarro
901 311 1134 358 comessamur
1158 310 1276 357 unurcr.

365 437 454 523 getici
479 435 658 503 sacerdotes
670 432 759 517 (165)
783 434 880 502 nostri
906 442 1035 520 propter
1051 434 1190 501 solemne
1206 433 1357 500 eastitatis
1374 439 1484 499 votum
1505 431 1609 498 emis·

366 561 436 610 sum
462 543 493 608 in
517 541 696 627 acceptione
719 558 882 608 sacrorum
906 540 1064 618 ordinum,
1080 540 1160 606 citra
1175 539 1338 606 criminale
1353 547 1522 624 peccatum
1543 557 1608 604 nou

368 655 499 734 possunt
523 648 602 714 inire
627 648 873 726 matrimonium,
897 648 942 713 uti
972 646 1064 713 modo
1098 646 1217 713 dictum
1249 653 1305 713 est.
1343 645 1475 712 Proinde
1509 644 1608 711 bodie
1687 681 1688 706 r

368 754 445 821 nulli
470 753 658 832 sacerdotes,
681 753 919 839 qualescunque
942 753 1066 819 undem
1098 751 1227 829 luerint,
1250 751 1289 818 ad
1313 752 1497 836 coniugium
1529 757 1609 816 sunt

368 859 585 947 compellendi.
609 897 654 909 —-
676 859 819 926 Secundo
842 859 1063 926 continentiam
1099 875 1167 924 esse
1197 858 1339 924 divinum
1375 875 1505 936 munus,
1532 857 1611 944 quis

368 968 417 1034 rel
442 967 541 1034 nescit
566 967 613 1033 vei
637 972 752 1050 negati
776 965 834 1032 Sed
858 965 934 1049 quid
960 974 1026 1031 tum
1053 971 1183 1048 posteat
1207 982 1267 1032 non
1296 963 1378 1031 enim
1407 964 1611 1031 continentia

369 1073 472 1151 modo,
496 1091 606 1140 uerum
632 1071 734 1138 omnis
768 1071 860 1138 etiam
892 1073 994 1138 virtus
1023 1079 1120 1156 atque
1153 1089 1234 1156 opus
1257 1071 1374 1137 bonum
1402 1071 1455 1137 Dei
1480 1071 1608 1136 donum

220 1196 262 1240 ue.
278 1193 297 1246 ¹.
312 1193 347 1239 u.
370 1185 428 1258 est,
451 1178 573 1246 dicente
597 1179 723 1246 iacebo:
750 1178 866 1243 Ournis
889 1177 1024 1244 donatio
1056 1176 1142 1243 bono
1165 1185 1195 1243 el
1225 1195 1320 1244 omne
1342 1177 1467 1242 ‹tonam
1490 1174 1610 1261 perse-

371 1295 458 1351 ctum
483 1304 500 1349 e
521 1285 678 1369 superous
701 1293 747 1350 est
770 1283 965 1349 descendeus
988 1303 1010 1349 o
1030 1293 1129 1368 putre
1152 1283 1328 1350 tonitrium.
1345 1283 1421 1348 Nam
1440 1283 1485 1350 uti
1511 1283 1610 1348 Chri·

234 1407 264 1452 to.
279 1407 313 1461 1⁵.
327 1407 348 1452 ⁵.
372 1397 441 1458 slus
463 1390 501 1458 de
526 1408 559 1457 se
582 1390 641 1456 ait:
675 1391 752 1458 Siue
782 1408 833 1456 mc
863 1387 948 1456 nibil
981 1390 1115 1475 potestis
1137 1387 1261 1474 facere,
1293 1389 1370 1455 nibil
1404 1389 1498 1454 modo
1532 1389 1608 1454 boui

372 1495 470 1583 (quod
495 1496 586 1564 modo
609 1496 651 1562 sit
672 1504 800 1563 aeterna
824 1495 887 1562 vita
909 1496 1053 1580 dignum)
1077 1495 1197 1581 absque
1220 1495 1335 1561 Christi
1359 1494 1460 1580 gratia
1484 1495 1611 1580 praesi—

372 1604 486 1689 dioque
510 1603 633 1688 operari
660 1602 810 1681 variemus,
834 1600 1098 1688 quemadmodum
1124 1601 1272 1686 superius
1294 1601 1414 1667 dictum
1436 1609 1497 1680 est,
1532 1617 1610 1667 cum

372 1709 411 1776 de
434 1709 536 1794 gratia
558 1715 590 1775 et
615 1707 713 1774 libero
735 1707 867 1774 arbitrio
890 1707 1110 1774 dissereretur.
1135 1709 1171 1773 m
1194 1707 1295 1792 gratia
1317 1705 1431 1773 Christi
1456 1707 1613 1773 omnibus

374 1833 446 1882 eum
471 1815 501 1881 iu
528 1813 658 1882 ueritate
682 1814 901 1881 invocantibus
923 1819 1032 1898 parata
1055 1831 1190 1898 semper,
1214 1813 1359 1898 exposita
1380 1819 1428 1880 est
1448 1830 1486 1879 ac
1501 1813 1611 1890 obuia,

223 1936 346 2034 mopsi,
375 1922 465 1987 iuxta
489 1920 648 2006 propriam
674 1919 771 2004 ipsius
795 1919 1051 2004 promissionem:
1079 1919 1201 1986 Omnia
1226 1937 1444 2007 quaecuuque
1470 1928 1613 1985 orontes

207 2044 259 2088 uer.
275 2020 357 2096 aiat.
372 2026 493 2111 petitis,
518 2025 637 2092 credite
671 2025 760 2113 qood
793 2025 973 2110 accipietis,
997 2033 1025 2090 el
1059 2024 1203 2094 evenient
1236 2024 1348 2102 vobim·
1378 2025 1543 2110 quoniam,
1574 2033 1613 2090 ut

213 2149 267 2194 no.
282 2145 351 2202 au.
374 2131 446 2199 alibi
470 2131 555 2209 dicit,
579 2130 695 2196 osonio
717 2137 796 2195 silut
816 2129 991 2215 possibilia
1014 2131 1166 2196 eredenti.
1192 2129 1324 2197 Proinde
1339 2129 1486 2216 quisquis
1506 2129 1613 2196 conti-

376 2237 511 2304 uenliam
538 2237 600 2304 [leo
623 2237 718 2315 vovit,
744 2235 833 2302 iuxta
856 2235 937 2302 beati
961 2235 1060 2304 iacobi
1085 2235 1249 2304 consilium
1270 2236 1408 2322 postulet
1423 2235 1611 2320 cunifield·
1687 2321 1688 2324 Ἴ

239 2360 280 2406 rae.
295 2359 315 2412 r.
330 2359 351 2404 o.
375 2343 441 2421 cio,
465 2339 551 2409 nillil
573 2341 754 2421 boesltons,
778 2359 801 2408 o
838 2343 913 2419 beo,
936 2343 997 2431 qui
1025 2343 1085 2408 ilat
1107 2341 1260 2408 omnibus
1283 2341 1459 2428 affluenter
1482 2352 1512 2408 et
1542 2361 1613 2407 non
1687 2329 1688 2422 ζ

376 2449 592 2533 improperat,
617 2456 645 2514 et
668 2446 805 2512 ilolrltar
829 2447 898 2524 titt,-
922 2447 1016 2532 idque
1039 2448 1186 2533 exemplo
1212 2447 1352 2514 auctoris
1380 2447 1450 2514 libri
1483 2449 1613 2533 sapien·

217 2569 353 2630 susem
377 2554 437 2620 tiae
462 2555 504 2618 ita
526 2553 566 2619 de
589 2571 621 2619 se
657 2551 830 2638 loquentis:
860 2552 900 2618 tu
926 2552 1020 2630 sciui,
1055 2553 1214 2640 quoniam
1249 2552 1347 2619 aliter
1378 2572 1444 2620 noa
1475 2571 1611 2639 possem

376 2677 443 2724 esse
466 2659 645 2736 continens,
677 2658 746 2724 nisi
779 2659 864 2724 Decus
886 2659 948 2738 det,
972 2668 1001 2724 et
1032 2657 1090 2725 lioc
1123 2661 1233 2744 ipsum
1263 2667 1339 2725 erat
1365 2660 1611 2745 superessem

377 2763 476 2830 cuius
509 2772 589 2829 essct
624 2761 683 2829 boc
717 2763 863 2841 dorium5
886 2765 960 2830 odii
989 2765 1161 2830 dominum
1186 2773 1214 2829 et
1245 2765 1544 2850 deprecatiorem
1571 2764 1610 2830 il·

378 2871 470 2936 ίιωη1
494 2878 552 2936 etc.
578 2869 788 2954 Quamobrem
812 2870 868 2936 etsi
893 2871 1093 2948 continentia,
1117 2870 1381 2956 quemadmodum
1414 2871 1518 2938 virtus
1551 2871 1613 2937 alia

378 2994 588 3063 quaecunque
612 2993 648 3042 ac
682 2993 774 3042 omne
803 2995 883 3061 opus
918 2977 1034 3043 bouum
1070 2977 1195 3044 coelesti
1232 2977 1373 3062 praemio
1396 2977 1539 3062 dignum,
1564 2983 1614 3044 est

380 3081 497 3148 bomini
522 3089 654 3148 natiuae
679 3089 800 3148 mistum
818 3099 893 3149 suae
910 3083 1018 3148 relicto
1035 3101 1096 3148 non
1113 3081 1248 3149 difficilis
1265 3081 1367 3160 modo,
1384 3100 1495 3148 verum
1514 3083 1613 3150 etiam

377 3187 504 3254 omnino
528 3187 743 3272 impossibilis;
769 3195 870 3254 tamen
895 3206 937 3254 en
960 3187 1093 3255 adverso
1118 3188 1234 3254 bomini
1258 3188 1359 3273 gratia
1383 3187 1436 3254 Dei
1460 3205 1518 3256 seu
1537 3189 1614 3255 cba-

378 3294 480 3360 ritatis
502 3292 584 3360 dono
606 3293 713 3359 adiuto
737 3312 797 3360 non
822 3294 922 3360 solum
950 3293 1103 3378 [mssibilis
1126 3301 1183 3374 est,
1208 3294 1260 3361 sed
1277 3295 1371 3361 etiam
1388 3295 1478 3379 plane
1499 3294 1612 3362 facilis.

379 3399 499 3465 amanti
536 3398 619 3464 enim
653 3399 730 3466 uiiul
760 3399 896 3466 difficile.
922 3396 1006 3484 (los)
1031 3399 1106 3466 Hinc
1141 3402 1285 3485 apostolo
1318 3400 1412 3466 Paulo
1442 3400 1611 3467 stimulum

209 3522 361 3576 nessus.
380 3504 484 3571 carnis
509 3512 556 3570 ter
579 3503 741 3570 dominum
765 3504 956 3590 deprecanti,
981 3523 1166 3590 responsum
1192 3513 1257 3572 est:
1276 3505 1404 3592 Sufficit
1419 3504 1479 3572 tibi
1491 3506 1613 3592 prolia

382 3629 463 3676 meo.
490 3611 607 3677 Verum
636 3610 719 3694 quod
755 3611 855 3678 oratio
887 3611 965 3696 pigri
998 3629 1077 3677 urana
1100 3621 1165 3690 est;
1189 3612 1320 3690 interea,
1344 3612 1419 3678 dum
1455 3612 1529 3696 quis
1554 3629 1613 3696 pro

381 3716 589 3782 continentiae
611 3717 693 3782 dono
716 3717 839 3784 assidue
864 3717 962 3784 ileum
988 3724 1069 3795 orat,
1093 3717 1159 3802 ipse
1182 3717 1271 3804 quasi
1297 3735 1409 3784 manus
1432 3717 1526 3784 simul
1558 3718 1612 3783 ad-

383 3840 521 3900 moram,
547 3822 715 3888 mulierum
740 3823 897 3889 consortia
920 3823 1029 3907 targiat,
1054 3823 1157 3890 carnis
1175 3823 1333 3890 libidinem
1351 3823 1541 3890 abstinentia
1557 3823 1613 3890 do·

383 4003 648 4012 ——-——

454 4124 463 4154 1
483 4125 581 4177 Eodem
601 4129 654 4178 iere
674 4125 753 4176 modo
772 4125 939 4192 (ampliticote
960 4131 1056 4190 tamen)
1077 4125 1224 4192 iisdemque
1253 4123 1361 4178 testibus
1385 4125 1480 4190 probat
1500 4123 1613 4180 Herlror·

382 4226 448 4267 ncus
467 4213 590 4265 castitatis
610 4219 700 4266 uotum
720 4228 777 4266 esse
796 4215 957 4266 servendum
978 4228 1110 4281 posseque
1129 4213 1238 4276 servari,
1259 4215 1283 4266 in
1303 4212 1417 4268 Monada
1435 4227 1458 4266 c.
1478 4213 1504 4266 3.
1524 4215 1576 4266 bs
1592 4213 1613 4265 b.

382 4331 417 4341 -
437 4304 455 4354 li
475 4305 499 4354 t.
518 4331 553 4342 -
572 4307 633 4357 Ass.
654 4303 717 4354 lbi:
737 4303 788 4369 Qui
806 4317 835 4354 se
853 4317 905 4355 nou
925 4303 1057 4356 contiueat
1082 4311 1141 4368 post
1169 4305 1286 4356 solemne
1311 4309 1402 4355 votum
1427 4304 1609 4368 continentiae,

383 4391 431 4456 ipsi
452 4390 500 4444 sibi
520 4392 714 4444 damnationem
734 4392 885 4458 acquiruut;
906 4392 985 4444 benis
1003 4393 1075 4444 euim
1095 4393 1254 4454 orationum,
1273 4391 1431 4445 ieiuniorum
1451 4393 1612 4457 uigiliarum·

383 4495 435 4547 que
455 4479 537 4532 lumbi
558 4481 756 4534 incontinentiae
775 4481 949 4545 restringendi
968 4487 1038 4534 suut.
