3378 5082
372 307 414 374 tt
686 323 883 373 murmane
904 323 1138 372 nmunnnursvrr
1159 323 1278 371 nanum.

372 457 439 516 tom
463 466 575 516 sensus
598 456 665 516 turn
689 449 840 516 miracula
863 435 1004 516 veritatis
1025 449 1238 516 testimoninm
1262 447 1370 514 lerunt
1393 447 1600 534 locupletissi-

371 557 473 634 mum)
496 573 553 623 ves
573 563 605 623 et
627 563 764 642 utroque
786 554 938 635 destituti,
960 563 992 622 et
1014 555 1135 622 collecti
1170 573 1210 622 ne
1232 554 1287 621 uni
1322 553 1450 641 quidem
1483 573 1599 622 eorum

371 662 521 729 matulam
546 662 707 748 porrigere
725 664 734 700 ¹
758 661 855 748 digni,
871 679 927 729 seu
950 661 1023 748 quis
1044 661 1265 739 cruditionem,
1287 678 1343 728 sen
1368 661 1514 746 pietatem
1531 679 1599 746 spe

371 775 445 848 ctet,
467 769 593 836 cllvntire
615 769 748 847 audetis,
773 769 972 854 Evangelium
995 768 1110 836 Christi
1133 768 1284 854 aliquot
1276 785 1337 834 vam
1361 767 1477 834 seculis
1508 785 1598 835 erre

202 887 354 1052 aa&
371 877 439 944 neis
462 876 625 943 bominum
649 875 833 943 commentis
862 893 931 942 esse
955 875 1119 942 vitiatomt
1149 875 1295 942 Ceterum
1327 873 1404 941 illud
1435 874 1513 959 quid
1538 874 1598 942 sibi

372 983 505 1062 volebat,
528 982 612 1070 quod
636 982 749 1049 ibidem
773 1001 792 1048 a
815 981 904 1050 vobis
925 982 1138 1060 adoriebatur,
1155 981 1354 1067 Evangelium
1374 981 1600 1066 superioribus

372 1090 492 1177 aliquot
513 1089 702 1157 centenariis
730 1107 886 1156 annerum
911 1089 1045 1174 impuris
1075 1089 1237 1155 bominum
1267 1087 1478 1154 additionibus
1505 1089 1597 1174 qnasi

371 1196 506 1264 dilutum
530 1202 563 1263 et
585 1196 776 1281 lymphatius
799 1194 926 1272 lactum,
951 1196 1086 1262 nativam
1114 1195 1177 1261 vim
1208 1201 1240 1261 et
1262 1195 1396 1261 nitorem
1420 1195 1599 1280 genuinum

372 1302 567 1390 perdidisset
590 1303 711 1369 Nihilne
735 1321 868 1388 prorsus
889 1301 1065 1368 addendum
1102 1302 1290 1387 Evangciiet
1314 1301 1396 1368 Nibil
1432 1309 1600 1386 praeterea

373 1407 611 1496 recipiendumt
635 1408 714 1474 Num
739 1407 931 1492 repudianda
946 1416 1050 1474 cetera
1067 1414 1191 1493 practer
1207 1407 1237 1474 id
1253 1425 1353 1476 unum
1369 1407 1500 1474 omniat
1516 1407 1597 1472 Num

372 1513 579 1582 abiiciendum
602 1532 664 1581 nen
690 1515 781 1580 modo
804 1523 896 1580 vetus
919 1515 1175 1592 instrumentum,
1199 1533 1310 1600 nempe
1341 1515 1394 1580 lex
1421 1531 1494 1580 cum
1525 1531 1599 1598 pre

373 1621 492 1706 pbetis,
517 1620 547 1686 id
570 1621 654 1705 quod
677 1622 751 1687 elim
776 1620 922 1698 Marcion,
946 1619 1102 1698 Basilides,
1134 1621 1343 1699 Nanicbaens,
1367 1627 1399 1686 et
1432 1619 1512 1686 aliae
1545 1637 1599 1685 ne

373 1726 437 1793 scie
459 1745 541 1812 quae
557 1726 787 1794 baereticorum
805 1733 907 1812 pestes
922 1725 1077 1793 factitasse
1094 1727 1252 1810 leguntur,
1269 1743 1379 1793 verum
1404 1725 1497 1792 ctiam
1515 1725 1600 1791 bena

372 1850 447 1918 pars
470 1833 540 1898 novi
565 1833 751 1912 testamenti,
776 1841 811 1900 ut
835 1832 1050 1918 Apostolorum
1074 1835 1156 1910 dcta,
1172 1841 1208 1898 nt
1231 1832 1380 1917 epistolae
1397 1831 1543 1898 Paulinae
1568 1838 1601 1898 et

296 1971 300 1980 ·
372 1939 558 2018 Catholicae,
583 1947 618 2005 ot
641 1938 776 2024 denique
800 1939 949 2006 revelatio
975 1939 1055 2006 beati
1089 1938 1210 2005 loannis
1242 1937 1464 2023 Evangelistae,
1496 1955 1601 2022 quan-

371 2045 539 2130 doquidem
564 2046 640 2112 baec
663 2047 768 2112 omnia
790 2046 830 2112 ab
854 2046 1018 2130 Evangelio
1040 2046 1141 2112 aliena
1164 2045 1337 2112 videntur?

462 2153 498 2217 lt
523 2151 676 2236 Evangelii
701 2152 826 2219 nemine
849 2151 983 2234 (dicetis)
1006 2169 1099 2218 omne
1123 2152 1254 2218 verbum
1279 2151 1333 2218 Dei
1365 2158 1396 2217 et
1426 2157 1522 2216 tetam
1547 2168 1600 2216 ca-

230 2269 312 2327 qm
299 2270 333 2315 0¹
374 2258 515 2324 nenicam
541 2258 707 2343 utriusque
731 2259 905 2325 testamenti
931 2259 1119 2344 scriptoram
1144 2257 1357 2343 intelligimus
1390 2256 1575 2342 tanquam
1567 2275 1600 2322 vn

203 2328 324 2422 unffi-7¹⁰¹
302 2377 355 2421 ωτι
373 2382 437 2449 qua
459 2363 521 2430 sint
546 2381 639 2448 prora
663 2368 713 2446 (nt
734 2364 836 2446 aiunt)
851 2373 883 2431 et
898 2365 1022 2452 puppis,
1038 2373 1133 2449 atque
1150 2370 1274 2448 praeter
1289 2363 1468 2430 canonicam
1485 2363 1601 2430 buius-

204 2429 356 2538 *aalma
372 2471 454 2538 medi
480 2471 668 2555 scripturam
693 2489 751 2538 ceu
775 2471 898 2538 unicam
923 2471 992 2538 iidei
1018 2477 1144 2538 nestrae
1166 2469 1316 2537 amussim
1333 2477 1365 2536 et
1388 2485 1530 2536 normam
1556 2469 1601 2534 ni-

226 2545 338 2634 ””·ἷι’““
374 2577 429 2654 bii,
452 2577 510 2644 nisi
536 2584 724 2662 prunestre
754 2577 876 2644 delectu
907 2585 1003 2663 atque
1027 2577 1141 2644 iudicio
1165 2576 1254 2643 nebis
1286 2576 1427 2661 recipcre
1450 2583 1603 2660 oportere

373 2683 638 2770 pvedtemur-
593 2685 748 2751 -Nune
770 2685 896 2751 demum
922 2684 1094 2768 intelligere
1111 2683 1185 2749 milri
1212 2683 1328 2762 videor,
1352 2683 1427 2769 qnid
1451 2683 1509 2749 sibi
1535 2684 1603 2750 vel-

372 2789 444 2856 iet
437 2808 468 2854 m
501 2789 711 2874 responsionis
733 2789 835 2857 trente
858 2787 929 2872 (24)
953 2789 1094 2875 praelixa
1119 2789 1375 2874 Evangelicorum
1402 2787 1602 2856 concinnate

373 2912 445 2962 rum
469 2894 640 2978 inscriptio,
664 2912 775 2980 nempe
800 2914 854 2962 vos
877 2902 1001 2980 praeter
1025 2913 1114 2961 sacra
1145 2894 1240 2961 biblia
1271 2895 1301 2960 in
1332 2893 1514 2961 disserendo
1545 2895 1602 2960 ad-

372 3001 497 3068 mittere
521 3001 608 3068 nibil.
635 3001 832 3088 Verumque
847 3003 923 3068 illud
940 3019 998 3070 ceu
1014 3002 1134 3069 erroris
1150 3001 1288 3068 universi
1313 3009 1410 3086 atque
1433 3001 1603 3068 haereseos

373 3105 560 3194 quoddam*
584 3109 786 3174 seminarium
811 3109 953 3176 funditus
976 3109 1166 3193 extirpetur,
1190 3107 1456 3192 ostendamusque
1493 3107 1602 3186 simul,

374 3230 470 3300 quam
495 3219 560 3280 tote
583 3215 633 3296 (ut
654 3213 756 3296 aiunt)
779 3216 866 3281 coelo
889 3215 1030 3282 erretis²
1052 3214 1092 3281 ab
1115 3214 1271 3301 Evangelii
1296 3231 1400 3298 scope,
1425 3213 1468 3280 ita
1486 3220 1521 3279 nt
1537 3231 1601 3279 non

378 3319 469 3388 mode
493 3338 552 3386 non
578 3319 717 3386 babeatis
750 3321 853 3405 ipsum
891 3321 1101 3406 evangelium,
1137 3328 1245 3406 utpote
1279 3338 1429 3406 germane
1461 3337 1602 3404 vereque

375 3427 444 3495 cius
467 3443 560 3494 sensu
584 3425 735 3506 destituti,
766 3427 1029 3513 quemadmodum
1054 3427 1098 3510 (ni
1130 3426 1233 3504 fallor)
1266 3427 1417 3494 bactensis
1447 3425 1523 3494 satis
1546 3443 1602 3492 su-

373 3550 493 3620 perque
516 3531 720 3610 ostendimus
746 3534 971 3600 verumetiam
997 3551 1036 3600 ne
1060 3533 1195 3600 nominis
1221 3532 1347 3619 quidem
1373 3532 1434 3598 vim
1466 3549 1503 3599 uc
1526 3549 1602 3616 pro

372 3639 535 3726 prietatem
561 3638 750 3725 intelligatis,
775 3641 867 3708 cuius
890 3641 933 3708 rei
950 3640 1066 3725 alioqui
1084 3639 1221 3708 vindices
1244 3646 1483 3725 assertoresque
1501 3637 1601 3706 videri

371 3763 407 3812 ac
432 3745 539 3812 baberi
564 3745 689 3830 cupitis,
715 3753 821 3831 utpote
844 3747 1039 3815 crassissima
1068 3746 1243 3833 ignorantia
1267 3745 1400 3812 verbum
1429 3744 1498 3824 liei,
1522 3745 1602 3812 scri-

371 3859 498 3938 pturam
521 3859 551 3920 ot
571 3851 769 3938 Evangelium
788 3853 1023 3931 conlundenteS,
1038 3861 1133 3939 atque
1158 3871 1208 3919 res
1231 3857 1268 3920 eir
1286 3851 1328 3911 διὰ
1348 3851 1465 3913 πισῶν8
1487 3855 1537 3932 (ut
1552 3860 1602 3919 est

435 3985 446 4006 ⁶
463 3984 532 4044 qued.

442 4243 449 4278 ¹
470 4245 589 4300 Occurrit
606 4244 678 4312 epod
698 4245 835 4298 Erasmum
855 4245 913 4298 liet.
931 4245 980 4311 Op.
999 4247 1087 4298 omnia
1108 4247 1203 4312 (lugd.
1225 4245 1290 4310 liat.)
1311 4245 1338 4297 ll.
1357 4243 1419 4297 etr.

442 4331 610 4390 'Prvrudom
630 4333 672 4387 tel.
694 4331 760 4386 illl:
780 4331 847 4385 'loto
865 4335 938 4386 coelo
958 4333 1041 4401 (quod
1059 4335 1111 4388 dici
1129 4335 1203 4402 solet)
1223 4333 1369 4387 aberrabis.

442 4420 541 4480 'idern
562 4421 732 4490 proverbium
751 4420 864 4476 occurrit
882 4422 908 4474 ln
928 4421 1000 4478 Nou.
1019 4421 1038 4476 C
1058 4422 1136 4477 libr...
1156 4423 1204 4476 Ubi
1224 4437 1277 4476 non
1299 4422 1402 4475 addetis
1426 4421 1459 4474 ed
1486 4420 1599 4476 verbum

371 4513 480 4568 evecturi
500 4509 622 4566 nimirum
641 4513 756 4567 bunione
775 4511 908 4580 tigmentu,
927 4525 996 4580 qrrae
1014 4507 1051 4572 δὶς
1069 4507 1110 4564 διὰ
1131 4513 1219 4564 πασῶν
1231 4513 1419 4566 adversantur.
1431 4512 1462 4564 Et
1474 4511 1500 4564 ln
1514 4511 1598 4566 duct.
