3390 5096
355 311 416 376 166
668 326 864 378 courumrro
886 327 1118 376 curuunnnrenr
1140 327 1257 376 uanior.

353 453 566 520 Eucharistiae
590 452 798 520 reverentiam
814 457 846 520 et
861 452 928 520 sine
951 451 1016 519 nlla
1040 451 1145 537 populi
1168 449 1414 531 defraudatione,
1439 449 1600 538 quando

351 559 478 647 quidem
503 565 625 626 tantum
662 559 780 644 gratiae
814 557 986 644 spiritualis
1020 557 1134 625 babeat
1161 558 1222 624 sub
1256 575 1320 624 nna
1342 557 1448 642 specie
1477 559 1598 643 panis,

349 673 504 752 quantum
528 665 589 732 sub
611 672 749 750 utraque
772 664 913 744 baberet,
938 671 1063 750 praeter
1094 664 1240 731 meritum
1273 663 1344 731 fidei
1375 672 1409 731 et
1429 663 1601 732 obedien·

350 773 421 850 tiae,
445 771 531 858 quod
554 789 639 839 nunc
661 772 784 857 accipit,
807 770 883 838 dum
907 778 938 838 et
961 772 1022 838 sub
1043 771 1143 838 altera
1165 770 1268 856 specie
1291 769 1486 838 tantumdem
1505 789 1601 838 con·

350 878 442 946 lineri
466 877 578 958 credit,
594 885 626 945 el
645 878 756 945 matris
781 877 933 946 Ecclesiae
955 877 1174 945 consuetudini
1198 883 1296 962 paret,
1321 883 1358 944 ut
1381 876 1496 943 merito
1525 877 1601 943 hoc

196 1002 216 1046 r.
231 1001 280 1099 effi.
295 1002 329 1056 rr,
350 986 419 1053 loco
441 985 588 1052 sufficere
612 991 716 1069 posset
738 1002 774 1052 ac
797 983 927 1052 deberet
949 985 1051 1051 solum
1077 983 1152 1050 illud
1187 983 1414 1069 Apostolicum:
1440 983 1481 1050 Si
1501 984 1600 1070 quis

272 1087 278 1100 '
350 1091 482 1159 vitietur
505 1090 725 1158 contentiosus
747 1109 826 1170 esee,
860 1109 921 1158 noe
951 1089 1047 1156 talem
1082 1089 1352 1158 consuetudinem
1385 1109 1453 1156 iton
1482 1087 1600 1156 liabe-

350 1217 438 1276 mas,
461 1215 564 1285 nepae
589 1195 734 1262 Ecclesia
757 1197 828 1275 Dei,
851 1196 989 1263 maxime
1011 1196 1137 1281 quando
1161 1196 1237 1264 baec
1266 1195 1419 1263 Ecclesiae
1445 1213 1601 1264 consue-

351 1305 428 1372 tudo
449 1303 584 1387 duplicis
606 1303 727 1369 concilii
751 1303 915 1389 generalis,
933 1320 1043 1388 nempe
1058 1302 1324 1370 Constantiensis¹
1341 1311 1374 1369 el
1394 1303 1601 1370 Basileensis

351 1411 478 1497 publico
500 1409 627 1476 decreto
649 1409 833 1476 confirmata
855 1410 904 1476 sit.
931 1409 1061 1477 Proinde
1076 1409 1276 1496 quaudosub
1290 1409 1425 1476 articulo
1440 1409 1601 1476 secundo

351 1533 518 1603 procerum
545 1515 831 1583 Ecclesiastieorum
855 1515 1092 1583 constitutiones
1113 1521 1146 1582 et
1167 1514 1411 1584 consuetudines
1429 1514 1600 1582 Ecclesia-

351 1623 445 1690 sticas
466 1639 540 1690 cum
564 1621 661 1689 verbo
685 1621 739 1689 Dei
763 1640 825 1688 non
850 1629 1025 1708 pugnantes
1048 1623 1091 1707 (id
1107 1622 1190 1708 quod
1214 1622 1253 1689 de
1269 1622 1422 1688 laicorum
1440 1639 1600 1688 commu-

351 1729 444 1796 nione
467 1728 528 1796 snb
550 1728 650 1794 altera
672 1727 775 1813 specie
807 1728 866 1794 iam
898 1728 1104 1810 ostendimus)
1132 1745 1256 1795 summa
1279 1745 1352 1795 cum
1376 1727 1469 1794 laude
1493 1745 1599 1795 rece·

353 1835 451 1921 pistis
475 1843 506 1902 et
530 1853 615 1902 nnnc
639 1835 668 1900 in
694 1835 754 1902 hoc
778 1835 932 1920 praesenti
956 1834 1089 1902 articulo
1104 1834 1264 1902 diversum
1280 1833 1380 1919 agitiS,
1396 1851 1502 1900 nonne
1519 1852 1598 1901 me-

352 1941 414 2009 rito
438 1959 551 2008 rursus
573 1941 752 2008 exclamare
777 1940 896 2008 licebit:
920 1942 989 2025 Quo
1011 1948 1133 2009 teneam
1158 1939 1239 2006 nodo
1272 1947 1444 2006 inritantem
1471 1941 1598 2006 Protea

353 2047 498 2114 vultum?

739 2258 943 2325 hllTlCUbUS
966 2259 1188 2327 UNDEClllUS.

443 2471 539 2556 lgitur
562 2489 671 2538 onrues
697 2471 861 2557 Episcopos
884 2478 916 2538 et
938 2471 1124 2550 sacerdotes
1141 2480 1176 2538 ut
1195 2471 1283 2539 lures
1305 2478 1336 2538 et
1359 2471 1537 2539 nebulones
1553 2481 1592 2540 et

352 2577 538 2662 proditores,
562 2577 592 2642 in
618 2578 703 2644 hunc
726 2595 828 2662 usque
851 2577 933 2644 diem
958 2577 1106 2662 spoliasse
1130 2579 1224 2645 laicos
1248 2595 1309 2644 usu
1332 2578 1465 2645 alterius
1482 2580 1592 2664 partis

353 2683 537 2751 sacramenti
564 2683 785 2750 Eucharistiae.

879 2895 1053 2984 Responsio.

443 3109 560 3176 Revera
584 3115 709 3194 praeter
742 3108 949 3175 Christianam
986 3110 1148 3190 rationem,
1177 3110 1290 3177 Christi
1328 3110 1511 3195 exemplum
1548 3131 1591 3179 ac

352 3215 543 3293 institutum,
567 3214 683 3281 lactum
709 3222 766 3293 est,
790 3222 826 3280 ut
848 3215 930 3282 calix
955 3216 1040 3282 laicis
1075 3223 1217 3302 negetur,
1242 3215 1326 3303 quod
1352 3217 1462 3302 ntique
1486 3217 1592 3302 spiri-

352 3321 436 3388 tuale
462 3327 527 3387 tum
552 3319 685 3398 lurtum,
709 3328 776 3386 tum
801 3319 999 3387 latrocinium
1024 3329 1081 3400 est,
1105 3322 1227 3388 tanmtsi
1254 3322 1342 3389 multi
1371 3322 1420 3390 hic
1444 3322 1588 3407 simplici

352 3427 528 3514 ignorantia
552 3435 771 3512 peccaverunt.

812 3632 902 3720 (133)
926 3634 1115 3706 mosontio.

443 3851 560 3916 lietera
584 3865 686 3932 neque
717 3853 841 3930 praeter
871 3846 1078 3915 Christianam
1111 3849 1275 3929 rationem,
1312 3868 1416 3937 neque
1451 3863 1586 3939 praeter

352 3956 466 4023 Christi
491 3954 672 4039 exemplum
696 3970 732 4018 ac
756 3953 932 4019 institutum
957 3960 1004 4020 est
1026 3953 1154 4032 iactum,
1170 3964 1207 4023 ut
1230 3956 1317 4023 laicis
1333 3958 1417 4025 calix
1433 3967 1585 4045 negetur,

352 4061 406 4128 sed
429 4059 535 4146 potius
557 4067 625 4126 tum
648 4059 685 4124 ad
710 4057 891 4143 exemplum
915 4064 946 4125 et
970 4059 1147 4126 institutum
1171 4061 1299 4142 Christi,
1323 4063 1378 4148 qui
1406 4072 1438 4131 et
1460 4065 1586 4134 duode-

424 4331 433 4362 ¹
454 4331 538 4386 Erech.
557 4345 580 4384 c.
605 4332 643 4382 18.
663 4331 683 4382 G
703 4325 754 4380 6¹³:
774 4325 861 4378 adluit
880 4325 959 4392 igitur
977 4325 1024 4390 (sc.
1044 4323 1171 4391 Christus)
1186 4327 1306 4392 patribus
1319 4343 1396 4383 sacro
1409 4331 1436 4382 in
1449 4329 1583 4388 Conslan-

352 4420 430 4476 tinus·
447 4417 558 4476 concilio
579 4415 752 4487 (tttt-ttte)
772 4415 961 4481 decretumque
974 4414 1008 4466 de
1020 4426 1071 4466 non
1084 4415 1213 4468 sumenda
1232 4417 1312 4470 altera
1331 4417 1421 4483 specle
1433 4417 1584 4490 roboravit,

352 4516 431 4578 etque
449 4511 559 4578 proinde
577 4505 747 4570 servandum,
764 4503 837 4572 quod
856 4501 922 4558 inihi
939 4503 1005 4554 iuste
1024 4501 1227 4556 determinatum
1246 4512 1295 4558 eet.
