3378 5082
388 349 431 398 AD
454 348 614 400 LECTOREM
638 346 811 398 PRAEFATIO
835 348 982 399 uutrouts.
1255 349 1298 396 Vll

182 474 490 553 Adnotationt'hus
518 500 562 553 ex
589 474 783 553 llerbumei
811 474 946 580 scriptis
982 473 1198 578 potissimum
1236 471 1296 551 de·

91 599 231 702 sumptis,
260 598 392 705 quibus
420 599 494 704 ipse
522 611 643 678 auctor
670 600 815 704 eiusque
844 597 1015 678 scribendi
1044 597 1169 678 modus
1188 611 1221 676 et
1239 596 1299 676 do-

89 723 183 799 ctrina
209 723 653 827 penitiuscognoscantur,
682 738 815 802 textum
843 722 1095 802 Consumtionis
1114 722 1297 800 illustravi-

91 873 166 944 mus,
194 861 227 926 et
253 849 546 927 introductionis
574 848 649 927 loco
677 847 932 953 disputavimus
960 846 1003 925 de
1038 845 1112 924 eius
1144 845 1298 943 historia,

89 974 272 1078 apographo
301 985 337 1051 et
362 986 515 1052 auctore.
545 974 792 1052 Demonstreto
818 995 923 1077 porro
953 973 1109 1051 Nc'cotco
1137 971 1300 1049 Herbor-

91 1121 147 1174 nec
165 1109 329 1186 ductore,
348 1098 495 1204 eiusque
524 1101 614 1176 aliis
641 1100 831 1200 operibus,
859 1121 1092 1202 quaecunque
1120 1095 1222 1174 nohis
1250 1096 1300 1172 in·

89 1234 272 1318 notuerunt,
315 1222 483 1318 indicatis,
513 1221 735 1300 adiunximus
777 1219 1038 1326 explicationem
1081 1218 1186 1316 modi,
1229 1245 1300 1326 quo

90 1343 160 1424 haec
187 1345 290 1426 editio
318 1373 340 1424 a
368 1346 469 1425 nobis
495 1346 663 1425 adornata
690 1346 753 1424 luit
783 1345 829 1450 (p.
861 1347 937 1450 22).

180 1471 315 1550 Deinde
335 1472 495 1578 sequitur
513 1472 588 1577 ipsa
605 1471 829 1572 Consultatio,
851 1472 891 1549 ln
912 1471 1012 1549 cuius
1032 1483 1129 1549 textu
1147 1482 1301 1549 attentus

89 1593 181 1672 lector
207 1595 418 1692 observabit,
447 1621 613 1674 numeros
643 1597 755 1676 t-23t
792 1594 949 1698 singulos
977 1593 1249 1680 uncis.inclusos
1269 1603 1302 1672 et

89 1719 302 1798 crassioribus
329 1720 421 1826 typis
450 1745 634 1825 expressos
662 1747 694 1798 v.
723 1746 756 1822 g.
788 1715 877 1824 (18),
907 1715 991 1826 (36)
1018 1719 1169 1798 indicere
1208 1718 1301 1824 pagi-

90 1867 144 1921 nas
167 1843 358 1949 apographi
386 1843 510 1922 veteris
538 1844 573 1922 in
601 1844 712 1922 lorma
739 1843 821 1940 lolii,
842 1869 1007 1922 numeros
1026 1843 1167 1949 quidem
1186 1843 1304 1922 inscri-

89 1979 156 2069 ptos
181 1994 250 2047 non
280 1967 497 2064 exhibentes,
525 1994 547 2045 a
575 1968 675 2048 nobis
717 1981 833 2047 tamen
862 1982 1072 2047 numeratas.
1116 1968 1173 2048 Ad
1215 1993 1304 2073 quos

90 2117 253 2188 numeros,
284 2092 487 2199 ubicunque
515 2093 662 2197 paginae
689 2093 796 2172 huius
823 2092 982 2171 editionis
1010 2092 1106 2171 citari
1133 2118 1204 2171 non
1224 2118 1303 2198 pos-

90 2229 170 2314 sunt,
199 2217 362 2296 lectorem
391 2217 609 2315 remittimus
639 2243 711 2324 quo
740 2217 872 2296 facilius
899 2217 1075 2324 quoslibet
1093 2217 1203 2323 ipsius
1221 2242 1304 2323 ope-

89 2339 130 2417 ris
154 2339 244 2420 locos
273 2339 406 2448 (etiam,
436 2342 465 2420 si
493 2341 605 2421 visum
625 2342 737 2438 luerit,
757 2342 886 2447 inipso
906 2341 1121 2448 apographo)
1141 2342 1303 2421 inveniat.

186 2466 266 2545 Post
297 2467 596 2567 Consolationem
623 2481 801 2572 ponuntur
830 2481 869 2547 ut

186 2591 493 2670 Additamenton
517 2594 708 2692 primum:
738 2591 979 2670 Revelationes
1007 2593 1046 2670 B.
1070 2592 1232 2694 Birgittae
1260 2591 1304 2670 ad

92 2711 209 2792 calcem
237 2714 488 2794 Conlutationis
516 2716 638 2794 citatae
667 2713 715 2821 (p.
747 2714 852 2822 259),
882 2727 921 2794 ut

189 2839 493 2917 Additamentum
519 2842 743 2918 secundum:
770 2839 963 2944 Descriptio
996 2853 1156 2917 rrotarum
1185 2837 1305 2917 Eccle-

92 2959 153 3040 siae
179 2987 221 3041 ex
249 2962 356 3041 Notis
384 2975 418 3041 et
446 2963 606 3042 Monada
633 2963 824 3043 Herbornei
853 2963 903 3070 (p.
934 2962 1039 3070 263).

187 3087 243 3166 Ad
269 3086 398 3166 calcem
427 3087 655 3166 inveniuntur
682 3089 827 3166 Indices
855 3098 951 3166 tres:

188 3212 342 3291 Primus
361 3209 500 3290 exhibet
520 3213 615 3290 locos
633 3237 767 3292 sacrae
785 3214 999 3313 scripturae
1018 3211 1053 3289 in
1067 3210 1308 3290 Conlocatione

91 3331 260 3432 adductos,
281 3334 440 3414 indicatis
467 3337 704 3425 editionibus,
723 3337 820 3415 iuxta
839 3361 929 3442 quas
957 3335 1106 3413 citantur
1126 3334 1172 3440 (p.
1194 3333 1307 3440 269);

188 3463 378 3540 Secundus
406 3460 622 3565 alphabetico
643 3461 763 3540 ordine
791 3487 851 3540 rec
879 3470 913 3540 et
939 3463 1124 3540 uocabulo
1152 3473 1309 3538 recenset

92 3581 249 3682 eiusdem,
284 3597 322 3662 ut
357 3585 418 3690 qui
450 3584 606 3684 voluerit,
640 3584 738 3664 facile
767 3585 887 3691 possit,
917 3610 1007 3691 quac
1039 3583 1186 3689 quaerit,
1216 3583 1310 3662 inve·

93 3707 158 3787 nire
186 3723 219 3788 et
246 3710 430 3789 dictionem
458 3711 609 3789 auctoris
637 3736 717 3790 cum
737 3709 884 3790 eliorum
907 3723 1088 3788 auctorum
1109 3733 1309 3814 comparare

93 3831 134 3935 tu·
162 3831 277 3938 273);

195 3958 340 4037 Tertius
368 3957 490 4037 eodem
520 3957 641 4037 ordine
670 3971 852 4037 enumerat
888 3959 1044 4038 nomina
1078 3959 1113 4036 in
1142 3957 1309 4038 Conluta-

95 4079 177 4160 tione
212 4096 246 4162 et
273 4082 529 4162 Additamentis
566 4096 730 4162 contenta
759 4083 805 4189 (p.
837 4081 939 4188 305).
968 4129 1023 4140 -—
1051 4083 1220 4187 Sequitur
1248 4081 1309 4161 de·

95 4205 192 4312 nique
220 4207 343 4286 Indeoe
371 4210 482 4286 lolius
508 4211 711 4287 uoluminis
739 4205 788 4313 (p.
820 4207 926 4312 3t7).

191 4334 230 4410 ln
259 4331 312 4410 his
339 4331 516 4444 indicibus
536 4345 570 4410 et
588 4331 668 4411 alibi
689 4332 826 4410 numeri
846 4332 936 4437 typis
956 4329 1136 4409 ordinariis
1156 4329 1310 4435 expressi

95 4467 123 4530 ct
148 4457 245 4536 uncis
273 4469 428 4536 carentes
452 4457 606 4536 referunt
626 4457 745 4564 utique
764 4457 808 4535 ad
828 4457 971 4562 paginas
988 4455 1093 4535 huius
1113 4454 1309 4535 uoluminis,
