3390 5096
365 307 431 375 not
681 326 876 377 courururro
900 327 1132 376 nuuuuuurusm
1154 327 1271 376 usuum.

703 556 908 624 luttctlltls
932 555 1093 624 DECIMUS
1116 555 1250 624 NONUS.

455 769 577 837 Missam
601 788 664 837 nou
687 787 755 838 esse
778 770 979 850 sacrificinm,
1002 769 1144 856 adeoque
1166 771 1290 837 nullum
1315 788 1384 838 esse
1407 770 1479 837 uovl
1501 777 1604 837 testa·
1682 743 1683 746 Ἴ

366 876 462 944 menti
486 875 675 944 sacrificium
700 876 830 944 visibile.

892 1085 1067 1176 Responsio.

455 1299 577 1366 Missam
601 1317 664 1366 nou
687 1317 755 1367 esse
779 1298 968 1366 sacrificium
986 1299 1084 1368 libere
1099 1300 1299 1380 confitemur,
1315 1299 1521 1385 quantumvis
1539 1300 1603 1366 hoc

367 1405 446 1473 male
471 1406 584 1473 lrabeat
607 1406 739 1484 multos3
765 1405 818 1473 sed
841 1413 889 1473 est
913 1413 1151 1473 monumentum
1177 1405 1334 1493 quoddam
1358 1405 1425 1473 slve
1446 1406 1603 1474 memoria

367 1516 416 1595 (ut
432 1511 577 1578 Christus
592 1512 635 1578 ait
651 1513 723 1579 Eue.
737 1513 804 1594 Ei.)
822 1511 906 1579 illius
922 1511 1066 1579 sacrificii
1083 1512 1173 1598 louge
1189 1511 1416 1598 pretiosissimi,
1428 1512 1511 1598 quod
1531 1511 1603 1598 ipse

366 1617 479 1684 oblullt
502 1618 534 1684 lu
558 1635 652 1685 cruce
669 1618 877 1704 propeccatis
901 1617 1020 1696 {nundi
1037 1626 1073 1684 ut
1090 1635 1146 1686 nos
1161 1617 1246 1685 illius
1260 1619 1408 1704 exemplo
1424 1628 1602 1686 mactemus

366 1721 520 1790 desideria
543 1723 647 1792 carnis
666 1730 698 1790 et
714 1723 828 1791 veteris
851 1724 986 1791 hominis
1009 1742 1122 1809 pravas
1145 1725 1414 1810 concupiscentias
1438 1725 1525 1791 llum.
1549 1727 1601 1791 te.

368 1829 445 1896 lllud
470 1829 672 1907 sacrificium,
688 1830 834 1915 quamvis
849 1849 911 1896 nou
932 1829 973 1896 sit
988 1829 1115 1896 obvium
1132 1830 1242 1909 oculis,
1258 1828 1385 1915 quaudo
1400 1829 1547 1910 offertur,
1566 1830 1603 1896 fit

369 1939 471 2002 umen
497 1935 550 2002 ubi
575 1935 636 2002 iam
660 1935 800 2002 oblatum
825 1935 874 2006 sit.
900 1935 997 2002 Vetus
1013 1935 1166 2022 siquidem
1184 1935 1368 2022 homoque
1390 1937 1490 2022 magis
1512 1953 1604 2004 emo-

368 2041 451 2108 ritur
474 2041 506 2107 lu
531 2041 630 2120 nobis,
657 2049 742 2108 tauto
765 2042 865 2127 magis
888 2041 1088 2127 cognoscitur
1112 2041 1142 2108 in
1167 2041 1257 2108 nobis
1282 2042 1387 2110 vivere
1410 2041 1570 2110 Clvristus.

888 2198 1076 2271 mamutio.

456 2365 491 2429 lt
508 2381 598 2430 nuse
622 2363 747 2448 regione
765 2380 819 2429 vos
837 2362 1009 2429 haereticos
1035 2362 1132 2430 libere
1148 2363 1401 2448 pronuntiamus,
1417 2371 1449 2430 et
1465 2361 1597 2448 quidem

370 2470 455 2547 tales,
479 2469 589 2554 qrrales
620 2476 711 2536 autea
746 2486 907 2554 nunquam
934 2468 964 2534 iu
996 2468 1132 2536 Ecclesia
1154 2469 1208 2536 Del
1244 2485 1413 2536 emersere.
1437 2469 1515 2535 Nam
1540 2467 1597 2554 qui

368 2576 493 2642 missam
518 2591 585 2641 esse
609 2574 797 2642 sacrificium
823 2571 914 2656 <tvm
939 2575 1144 2653 inficiaretur,
1167 2582 1239 2642 aute
1265 2575 1344 2641 hauc
1379 2581 1600 2660 tempestatem

368 2688 507 2748 nostram
533 2681 623 2765 longe
647 2681 866 2760 miserrimam,
892 2681 1122 2750 haereticorum
1147 2680 1325 2748 invenimus
1348 2680 1520 2758 neminem,
1537 2679 1599 2746 uisi

368 2787 451 2873 quod
478 2787 605 2855 loannes
628 2787 774 2854 Viclevus
808 2787 882 2854 huic
913 2788 1014 2854 errori
1045 2804 1152 2854 ausam
1186 2787 1309 2855 dedisse
1346 2787 1481 2868 videtur,
1516 2787 1600 2853 iuter

369 2895 460 2962 culus
483 2893 633 2960 articulos
664 2911 683 2959 a
717 2911 807 2960 sacra
829 2893 948 2978 syuodo
971 2893 1198 2960 Constautlensl
1230 2894 1394 2961 damnatos
1428 2893 1522 2961 etiem
1548 2892 1602 2958 ille

369 3005 650 3078 corrimemorntuv,-
668 3018 727 3066 nou
752 2999 917 3066 tundalum
934 3017 1002 3067 esse
1018 3000 1049 3065 iu
1067 2999 1242 3086 Evangelio,
1258 2999 1419 3067 Christum
1434 2999 1599 3066 ordinasse

371 3124 426 3173 seu
451 3105 623 3173 instituisse
647 3106 772 3172 missam
790 3107 811 3171 ¹.
836 3105 920 3173 Unde
946 3105 1084 3190 prolecto
1108 3123 1163 3173 vos
1178 3105 1354 3174 antichristi
1372 3121 1601 3192 praecursores

214 3217 305 3316 catha·
320 3223 343 3264 u
374 3213 465 3280 iuxta
489 3211 625 3278 Danielis
649 3212 813 3279 oraculum
848 3219 955 3297 aperte
990 3211 1165 3291 declaratis,
1189 3213 1307 3298 quippe
1330 3212 1386 3297 qui
1411 3211 1601 3278 vaticinatus

289 3305 294 3318 '
371 3319 422 3398 sit,
446 3337 507 3384 nou
532 3326 729 3386 cessaturum
754 3318 975 3386 universaliter
1009 3317 1039 3384 iu
1073 3325 1136 3385 tota
1173 3317 1307 3385 Ecclesia
1337 3317 1492 3384 catholiea
1526 3318 1602 3403 iuge

372 3425 443 3492 uovl
470 3425 644 3492 testamenti
680 3424 869 3492 sacrificium
894 3429 1002 3510 (quam
1036 3424 1171 3492 Ecclesia
1204 3424 1255 3491 [tel
1288 3424 1414 3491 missam
1438 3423 1601 3508 appellat),

370 3531 428 3598 uisi
453 3532 492 3598 ad
527 3539 661 3617 tempus,
686 3538 888 3616 posteaquam
918 3531 1124 3598 autichristus
1159 3531 1189 3596 lu
1222 3530 1375 3597 muudum
1412 3529 1545 3609 venerit,
1571 3528 1601 3595 id

370 3639 455 3724 quod
481 3657 534 3706 vos
566 3639 625 3706 lam
659 3639 688 3704 in
722 3637 966 3723 particularibus
989 3637 1109 3724 aliquot
1145 3637 1287 3705 Ecclesils
1314 3653 1438 3704 cessare
1472 3635 1600 3704 lecistis.

371 3747 431 3813 Nec
456 3746 570 3813 iniuria
593 3745 720 3831 quidem
745 3744 828 3812 istud
853 3763 914 3811 uon
939 3751 1040 3829 potest
1057 3763 1118 3811 nou
1143 3745 1224 3811 male
1247 3743 1365 3812 habere
1389 3742 1457 3828 pios
1480 3760 1601 3820 omues,

373 3859 439 3918 tum
463 3851 547 3937 quod
571 3851 717 3918 aulercos
741 3852 870 3918 unicum
896 3851 971 3937 legis
1002 3839 1127 3918 nostrae
1150 3849 1352 3928 sacrificium,
1377 3849 1514 3928 missam,
1539 3849 1601 3916 tol·

372 3959 407 4025 lit
430 3957 537 4024 eadem
561 3975 657 4042 opera
680 3957 718 4024 de
742 3957 844 4024 medio
867 3957 1086 4034 sacerdotium,
1111 3957 1304 4044 religionem,
1327 3956 1464 4042 denique
1498 3956 1600 4040 ipsam

372 4067 470 4151 legem
507 4063 697 4143 universam,
729 4070 838 4148 utpote
873 4063 976 4130 nativa
1011 4063 1144 4149 qivadem
1181 4062 1410 4130 necessitudine
1443 4061 1601 4141 devincta,

373 4189 638 4202 ...ιι-ιι*

443 4241 450 4272 ¹
472 4243 515 4294 Est
533 4241 644 4310 palatus
662 4256 678 4294 e
697 4240 731 4294 l5
751 4241 851 4294 l'iclevi
875 4240 989 4294 articulis
1007 4239 1150 4306 (dumnutls
1177 4255 1191 4293 a
1221 4241 1331 4294 concillo
1356 4239 1545 4293 Constantiensl
1578 4244 1602 4294 et

372 4331 480 4386 llnrtiuo
508 4331 538 4382 tl.
564 4344 611 4394 per
638 4330 738 4382 Bullam
763 4331 855 4382 «luter
874 4335 1003 4382 cunctus·
1025 4330 1051 4381 8.
1076 4330 1136 4382 llal.
1162 4329 1244 4382 llartll
1276 4329 1343 4382 ttts
1370 4335 1397 4382 et
1425 4327 1525 4380 Eullam
1548 4329 1602 4380 «ln

372 4419 536 4476 eminentis»
558 4417 676 4472 eiusdem
696 4419 768 4487 diei),
787 4418 832 4486 qul
851 4417 885 4471 lta
905 4416 997 4471 hebet:
1014 4418 1096 4472 «Nou
1115 4425 1154 4472 est
1168 4418 1304 4472 tundalum
1324 4417 1350 4470 ln
1365 4415 1515 4482 Evangelio,
1528 4415 1604 4485 quod

372 4509 489 4564 Clvrlstus
507 4507 614 4559 missum
634 4506 835 4560 ordinaverit».
