3384 5082
359 207 423 271 930
673 222 868 274 consorano
890 223 1122 272 umusnxutsm
1144 223 1261 271 nautor.

356 368 495 415 enumero
518 357 563 416 est
587 349 797 437 Hymenaeus
818 357 848 415 ct
874 348 1073 426 Alexander,
1097 367 1180 434 quoa
1207 348 1336 414 tradidi
1359 347 1524 424 Satanae,
1552 355 1585 411 at

187 469 339 522 tritanu·
355 456 487 522 ducant
514 475 581 522 non
608 455 810 522 maledicere.
843 455 884 521 m
919 456 1023 522 Titum
1056 472 1131 521 vero
1161 454 1323 522 scribens:
1356 453 1585 528 Haereticam,

356 562 467 648 iuqttit,
491 560 653 629 nominem
679 571 752 648 post
785 581 889 628 onom
925 571 954 628 et
988 562 1130 628 olteroin
1165 560 1421 628 admonitionem
1457 558 1584 646 sopito,

354 669 460 734 sciens
482 669 571 757 qnod
584 687 717 735 coccam
739 669 794 744 sit,
817 668 878 756 qui
899 668 1062 734 nosmodi
1080 677 1126 734 est
1141 675 1211 746 etc,
1236 668 1411 734 luculenter
1428 667 1585 742 indicam,

353 793 477 841 omnem
503 775 694 842 haereticum
721 775 878 842 hominem
906 775 991 842 vetut
1014 775 1321 842 excommunicatum
1345 780 1415 860 post
1437 773 1586 840 admoni-

354 882 454 949 tiones
475 881 555 950 duas
578 881 759 967 fugiendum
783 901 861 950 esse.
886 883 975 967 Quod
998 882 1101 968 ipsum
1126 882 1156 947 in
1181 883 1317 948 secunda
1340 880 1471 966 epistola
1495 880 1586 944 loan-
1665 897 1666 948 t

184 1003 205 1046 ¹·
216 1003 245 1048 to·
257 1001 334 1048 tt-tt.
354 1007 410 1057 nes
432 989 565 1056 ostendit
589 989 746 1074 apertius:
772 989 809 1057 Si
830 989 917 1078 pun,
942 990 1054 1075 inquit,
1079 989 1164 1056 euenit
1187 989 1233 1054 od
1267 1007 1335 1068 oos,
1358 997 1387 1054 ct
1410 985 1501 1053 lonc
1527 987 1586 1052 do·
1665 1019 1666 1070 p

354 1095 510 1173 ctrinom,
534 1113 646 1180 nempe
669 1096 864 1174 catholicam,
886 1115 954 1162 non
977 1093 1085 1182 offert,
1109 1115 1149 1161 ne
1172 1095 1342 1180 recipietis
1365 1113 1440 1160 eum
1466 1094 1504 1158 in
1530 1093 1585 1158 do·
1665 1071 1666 1144 l

353 1221 458 1278 nrum,
482 1221 540 1267 mc
565 1205 632 1267 Ave
654 1202 685 1267 ei
706 1203 869 1268 dixeritis.
896 1202 962 1286 Qui
983 1202 1070 1268 enim
1094 1202 1173 1268 dicit
1189 1201 1239 1267 illi
1255 1207 1334 1278 Aoc,
1354 1201 1586 1266 comoiunicot
1665 1191 1666 1250 Ῠ

353 1307 506 1393 operibus
529 1308 600 1373 eius
623 1307 723 1374 molis
738 1311 759 1374 ¹.
784 1309 870 1376 Unde
893 1309 973 1375 Beda
995 1309 1157 1394 epistotam
1183 1308 1326 1374 ioannois
1351 1325 1507 1374 enarrans
1535 1323 1586 1372 re-
1665 1383 1666 1388 η

352 1415 413 1482 lert
436 1415 488 1493 ibi,
505 1415 709 1501 Polycarpum
736 1425 918 1500 martyrem,
943 1417 1064 1482 loannis
1086 1415 1287 1500 discipulum,
1305 1414 1409 1481 testari
1433 1414 1584 1479 loannem
1665 1483 1666 1500 χ

353 1521 473 1587 illotum
497 1522 612 1588 exiisse
636 1522 746 1589 balneo
762 1521 787 1601 *‚
814 1523 842 1588 in
867 1541 931 1608 quo
956 1522 1031 1588 vidit
1053 1522 1310 1588 Cherintum¹et
1326 1520 1459 1587 dixisse:
1491 1519 1586 1584 «Fu
1665 1541 1666 1574 2

335 1629 473 1714 ‘giemus
497 1629 580 1708 irino,
604 1645 643 1695 ue
667 1629 776 1695 balnea
800 1637 960 1706 corruant,
986 1629 1015 1694 in
1040 1629 1157 1714 ortibus
1182 1628 1304 1694 lavatur
1327 1626 1510 1702 cherintus,
1530 1643 1585 1690 vc·

352 1735 453 1800 riuus
477 1735 623 1801 inimicus
640 1763 668 1800 υ.
695 1735 730 1800 Et
754 1735 806 1800 itio
829 1753 956 1820 egresso
979 1753 1051 1801 mox
1085 1733 1231 1802 balneum
1263 1735 1421 1800 corruisse
1443 1740 1476 1799 et
1499 1733 1584 1798 Cite-
1665 1721 1666 1770 i

352 1841 469 1907 rictum
494 1859 565 1907 curu
590 1841 656 1908 suis
679 1841 881 1926 oppressisse.
906 1842 984 1926 Quis
1006 1861 1047 1909 cx
1080 1843 1130 1908 his
1153 1860 1213 1908 nou
1240 1841 1332 1920 videt,
1358 1841 1416 1906 iam
1443 1850 1513 1906 tum
1540 1857 1584 1905 ex
1665 1863 1666 1890 t

351 1948 567 2032 Apostolorum
594 1956 734 2034 tompore
758 1949 787 2014 in
814 1949 988 2016 haereticos
1018 1948 1225 2015 anathematis
1255 1955 1286 2014 et
1322 1947 1585 2014 excommunica·
1665 1935 1666 1958 ¹

351 2055 444 2122 tionis
467 2073 600 2122 censura
623 2073 746 2140 semper
763 2056 1042 2122 animadversum?
1060 2055 1176 2122 idcirco
1192 2053 1468 2140 otreutadmodum,
1486 2051 1584 2136 (cett
1665 2109 1666 2112 ,

350 2163 374 2228 si
400 2161 453 2247 qui
479 2161 609 2228 luerunt
632 2181 771 2247 onqrram
796 2162 955 2240 haeretici,
981 2181 1035 2228 vos
1058 2170 1143 2229 certe
1166 2161 1214 2228 vel
1240 2162 1375 2227 maxime
1400 2161 1475 2226 tales
1498 2179 1583 2238 csse,
1665 2145 1666 2172 ¹

352 2269 410 2335 hoc
435 2268 546 2352 triplici
571 2287 741 2353 congressu
772 2269 916 2335 edoctum
941 2277 1004 2344 cst;
1035 2270 1076 2335 itt
1107 2287 1244 2354 quoque,
1277 2269 1301 2334 si
1337 2277 1582 2353 quamquam
1665 2333 1666 2366 ἦ

351 2376 432 2442 iusta
455 2375 788 2442 excommunicationis
811 2377 964 2442 sententia
989 2376 1018 2441 in
1045 2377 1218 2442 itaereticos
1243 2375 1302 2441 tata
1330 2374 1400 2453 luit,
1431 2392 1515 2459 quae
1551 2374 1581 2440 in

352 2499 406 2548 vos
431 2482 491 2546 tata
514 2490 571 2557 est,
597 2482 765 2548 iustissima
789 2483 828 2548 sit
851 2491 984 2566 oportet.
1009 2483 1088 2548 Nuiti
1119 2499 1193 2568 ergo
1216 2481 1347 2548 drinium
1372 2499 1440 2548 esse
1463 2489 1582 2566 pote-st,
1665 2489 1666 2572 }

350 2588 704 2654 excommunicationem
731 2589 761 2654 iu
786 2607 841 2654 vos
866 2589 957 2655 latam
981 2595 1013 2654 et
1035 2589 1144 2655 ordine
1167 2597 1199 2655 et
1221 2606 1316 2654 causa
1337 2595 1367 2654 et
1384 2596 1471 2654 recto
1486 2587 1583 2655 Citri—
1665 2583 1666 2604 ¹

350 2694 523 2761 stiauorum
548 2713 607 2761 usu
633 2693 671 2760 ad
695 2713 800 2762 sacras
825 2695 929 2762 literas
954 2696 1001 2762 vet
1038 2697 1174 2762 niaxime
1200 2695 1365 2780 legitimam
1390 2713 1467 2761 csse.
1493 2695 1582 2779 Qua-

350 2809 479 2885 propter
504 2799 593 2885 piane
617 2801 776 2886 terreamini
801 2801 992 2880 adiicientes,
1009 2821 1069 2868 utin
1093 2803 1189 2870 tatere
1207 2801 1405 2886 Vibergensis
1422 2801 1582 2868 Ecclesiae
1665 2869 1666 2878 ,

348 2914 403 2974 atu
427 2906 530 2990 potius
554 2907 713 2973 Satunicee
736 2925 909 2992 synagogae
943 2908 1111 2986 ministros
1144 2907 1287 2974 iniustam
1320 2907 1582 2974 exconunuuica-
1665 2899 1666 2938 ³

349 3012 463 3080 tionem
488 3013 553 3078 sive
577 3013 823 3079 maledictionem
848 3031 916 3080 esso
941 3013 1198 3092 benedictionem,
1217 3023 1282 3081 tum
1299 3013 1382 3099 quod
1408 3022 1527 3080 neturo
1549 3015 1580 3079 in
1665 3071 1666 3076 ,

350 3119 427 3196 ioco,
443 3118 481 3184 ad
500 3119 559 3185 hoc
583 3138 639 3204 per
663 3138 718 3186 vos
740 3119 885 3198 adducto,
901 3121 939 3186 de
955 3121 1279 3188 excommunicatione
1295 3121 1484 3187 mentionem
1508 3121 1579 3187 fieri

350 3226 452 3292 notius
475 3235 532 3300 cst,
556 3244 650 3311 otram
675 3234 711 3292 ut
734 3226 852 3292 ostendi
877 3235 1030 3310 oporteat,
1054 3227 1105 3292 sed
1133 3227 1235 3312 potiris
1257 3227 1295 3294 de
1313 3225 1531 3294 irraledictione
1549 3234 1581 3294 ct

348 3333 565 3418 persecutione
589 3333 703 3398 Christi
729 3341 759 3398 et
782 3333 1030 3400 Christianorum
1055 3353 1073 3398 a
1098 3333 1226 3412 laudasis,
1251 3333 1419 3419 gentitibus
1442 3333 1581 3420 aliisque

349 3439 475 3523 perfidis
499 3438 702 3524 quibuslibet,
737 3439 910 3506 cuiusmodi
947 3459 1002 3506 vos
1037 3459 1104 3507 esse
1127 3440 1303 3518 docuimus,
1328 3447 1362 3507 ut
1399 3441 1580 3508 maledictio

349 3553 462 3622 vestra,
486 3563 580 3629 otram
605 3545 960 3612 excommunicationem
980 3547 1111 3622 intorte,
1129 3547 1233 3612 nescio
1250 3547 1348 3632 magis
1363 3565 1402 3612 an
1420 3547 1579 3631 improbe,

347 3669 385 3716 an
411 3659 548 3736 utroque
572 3653 676 3736 potius
699 3651 790 3717 modo
813 3653 924 3732 dicitis
950 3671 1061 3720 revera
1077 3653 1251 3720 benedictio
1266 3655 1324 3720 sit:
1341 3655 1482 3740 psalmus
1498 3673 1580 3721 vero

347 3757 502 3824 adductus
526 3759 720 3843 potissimum
745 3767 792 3825 est
808 3760 845 3826 de
863 3760 1021 3844 proditore
1040 3760 1129 3838 truia3
1148 3799 1190 3808 -
1208 3769 1274 3826 tum
1292 3773 1368 3827 vero
1390 3759 1473 3845 qtrod
1498 3779 1579 3827 ana-

411 3873 421 3893 ·
439 3873 557 3921 balneum.

418 4060 427 4092 ¹
449 4061 531 4117 Eucti.
550 4077 572 4115 c.
592 4063 626 4114 32
646 4063 665 4114 L
684 4064 710 4115 3.
723 4070 771 4116 etc.
784 4063 891 4117 addiscit
909 4064 1017 4116 cosdem
1036 4065 1121 4118 locos:
1135 4066 1221 4118 ttutttx
1243 4067 1284 4131 ts,
1302 4066 1347 4130 t‘t;
1364 4067 1386 4117 t.
1401 4065 1469 4117 'tim
1490 4066 1514 4127 t,
1536 4067 1579 4118 te.

347 4151 393 4217 203
413 4150 463 4203 Tit.
484 4151 508 4214 3,
529 4151 569 4202 te.
593 4152 638 4218 tt;
659 4153 683 4203 2.
704 4154 738 4204 to.
760 4153 800 4203 to.
821 4153 863 4202 tt.

418 4237 646 4293 ²Clcerintiont'a
677 4239 801 4294 Clerinlo
827 4243 970 4306 nuncupati
999 4243 1066 4295 circa
1095 4258 1193 4297 ortuum
1222 4243 1255 4296 st
1284 4249 1439 4296 erraverunt
1466 4243 1491 4294 in
1512 4244 1578 4298 tide.

346 4327 577 4381 circumcisionem
598 4327 784 4394 observabant,
805 4330 873 4382 mille
891 4345 974 4383 unitos
993 4339 1053 4396 post
1079 4335 1297 4386 resurectionem
1317 4333 1342 4385 in
1363 4333 1497 4396 voluptate.
1517 4347 1579 4386 car-

346 4417 386 4469 nis
406 4416 600 4484 praedicabant,
620 4417 757 4471 Uiriatum
776 4425 836 4472 ante
855 4417 973 4474 Marium
993 4421 1072 4474 tuisse
1092 4421 1232 4487 negabant.
