3364 5092
504 353 633 402 rnnrrns
656 353 863 403 coucuassns.
1257 338 1299 403 89

172 476 246 544 llona
268 477 376 558 rerba,
400 495 528 564 quaeso.
546 515 588 525 —-
607 477 744 545 l’rimnm
769 478 800 545 id
824 495 976 564 perquam
1002 478 1148 546 lubenter
1170 497 1189 546 a
1212 480 1301 547 uobis

77 582 238 650 audierim.
262 583 369 650 Nonne
392 583 445 650 illa
468 583 613 662 Ecclesia,
629 601 711 669 quae
735 584 766 650 in
782 585 881 652 sacris
900 584 1036 670 'eloquiis
1051 584 1167 652 Christi
1188 603 1302 670 sponsa

78 687 192 756 dicitnr
223 698 255 757 et
288 707 407 775 corpus
437 690 575 758 eiusdem
617 693 897 777 (quorumcunque
931 691 1055 786 tandem
1088 691 1128 758 sit
1158 699 1190 758 et
1217 691 1302 777 apud

77 803 304 883 quoscunque),
327 815 478 883 germana
501 815 639 883 ueraque
663 797 717 864 Dei
740 797 872 866 virentis
897 797 1032 865 Ecclesia
1053 799 1174 866 censeri
1198 798 1301 878 dehet,

78 920 159 986 qnae
180 910 215 970 ut
236 903 351 984 dicitis,
374 910 482 971 sancta
497 903 547 984 sit,
571 921 654 990 quae
677 904 806 972 lundata
821 904 861 972 sit
884 922 980 989 snper
996 904 1169 983 Christum,
1190 921 1301 972 rernm

77 1025 154 1075 snae
175 1010 326 1077 Ecclesiae
349 1010 542 1077 fundamenti
568 1010 712 1096 lapidem,
736 1029 818 1097 quae
840 1011 949 1078 edocta
972 1010 1012 1078 sit
1028 1019 1123 1096 atque
1146 1010 1302 1078 illustrata

76 1116 196 1183 sincera
217 1116 290 1197 lide,
314 1135 397 1202 quae
419 1117 551 1202 spiritus
574 1118 671 1185 sancti
704 1118 806 1203 gratia
835 1117 949 1184 donata
975 1117 1027 1197 sit,
1050 1136 1068 1184 a
1092 1136 1156 1203 quo
1181 1116 1302 1202 regitur

76 1228 111 1288 ct
136 1230 335 1290 conservatur
360 1225 390 1288 in
414 1222 562 1290 omnibns
586 1224 655 1302 viis,
678 1241 760 1309 quae
783 1223 919 1309 deniqne
935 1229 1103 1308 propterea
1118 1223 1302 1309 neutiquam

76 1345 183 1396 errare
206 1329 304 1414 possit
327 1328 419 1396 iuxta
441 1329 556 1397 Christi
581 1329 794 1397 testimoninm
826 1330 934 1397 Matth.
962 1331 1012 1395 16.
1047 1328 1187 1396 Proiecto
1217 1329 1302 1396 haud

77 1435 226 1520 negabitis
248 1443 280 1504 et
303 1436 417 1504 dabitis
434 1437 522 1516 mihi,
538 1444 625 1504 certo
648 1437 722 1515 scio,
740 1437 925 1522 ipsissimam
942 1436 1110 1504 Ecclesiam
1127 1453 1194 1505 esse
1210 1437 1302 1517 hanc,

76 1559 158 1625 quae
179 1561 294 1628 sponsa
316 1543 432 1610 Christi
449 1542 565 1610 dicitnr
589 1551 620 1610 et
643 1560 760 1628 corpus
775 1542 926 1622 eiusdem,
943 1543 994 1610 cui
1011 1543 1105 1610 unice
1128 1544 1204 1610 haec
1219 1542 1303 1610 dicta

76 1655 252 1734 competant
274 1649 389 1716 omnia.
413 1651 567 1734 Quocirca
589 1650 627 1717 de
640 1649 764 1717 'ceteris
786 1650 852 1717 iere
875 1650 1022 1717 omnihus
1044 1651 1127 1717 inter
1149 1668 1207 1717 nos
1230 1668 1303 1718 cou-

76 1755 174 1832 ronit;
197 1763 229 1821 at
252 1773 317 1822 uno
340 1754 538 1835 dissidemus,
563 1774 700 1842 quornm
725 1755 776 1842 sit,
799 1763 830 1822 et
847 1755 931 1841 apnd
947 1774 1028 1842 qnos
1042 1773 1079 1822 ea
1102 1756 1237 1823 Ecclesia
1257 1757 1303 1822 in-

78 1861 229 1940 ueniatur,
254 1879 331 1928 num
356 1867 463 1928 nostra
487 1863 537 1941 sit,
561 1881 600 1928 au
620 1869 731 1930 restra.
749 1863 811 1928 lloc
826 1862 924 1947 igitur
940 1881 1004 1929 uno
1021 1867 1142 1928 tantmn
1167 1879 1304 1929 excrnsso

75 1965 164 2032 tacite
186 1967 271 2053 quod
296 1967 444 2034 uolumus
459 1985 677 2053 assequemur.
702 2006 745 2016 -
770 1968 865 2034 l’orro
889 1984 1069 2053 quanquam
1095 1967 1126 2033 id
1148 1986 1190 2034 ex
1215 1976 1304 2034 ntro-

76 2091 140 2156 que
162 2091 334 2159 congressu
358 2073 532 2159 superiore,
556 2074 678 2160 integro
702 2075 746 2155 (ni
771 2072 876 2157 fallor)
907 2075 1014 2142 lectori
1046 2075 1122 2141 satis
1156 2073 1303 2154 innotuit,

75 2187 170 2264 atque
193 2197 380 2265 persuasum
405 2187 462 2259 est,
488 2199 548 2246 uon
581 2197 670 2265 posse
694 2179 778 2266 apud
802 2198 858 2247 vos
891 2197 960 2248 esse
983 2198 1089 2246 veram
1115 2180 1167 2246 liei
1202 2180 1304 2248 Eccle-

75 2285 166 2364 siam,
190 2295 293 2352 tamem
317 2286 392 2372 quia
415 2286 499 2365 hinc,
524 2294 559 2352 nt
582 2285 732 2366 diximus,
756 2287 860 2354 omnia
893 2286 1038 2372 pendent,
1062 2305 1123 2353 non
1147 2286 1303 2372 gravabor

76 2392 135 2458 hoc
161 2393 226 2458 loco
250 2410 403 2478 perquam
428 2392 567 2459 breviter
589 2393 705 2460 addere
729 2401 793 2460 tres
817 2411 909 2460 verae
934 2393 1086 2461 Ecclesiae
1109 2401 1209 2472 notas,
1234 2393 1304 2479 qui·
1326 2408 1463 2462 numus

76 2498 164 2564 bns¹
187 2519 205 2564 a
229 2499 336 2578 notha,
360 2507 392 2566 et
415 2498 467 2565 illa
491 2499 656 2567 meretrice
678 2499 821 2567 adultera
851 2500 932 2566 hand
959 2518 1070 2585 magno
1101 2499 1226 2586 negotio
1257 2501 1304 2567 in·
1323 2461 1468 2613 ffibt'ssq'ffss

76 2606 209 2672 ternosci
226 2615 322 2691 qneat
345 2615 376 2672 et
391 2624 410 2670 a
433 2605 499 2672 suis
514 2605 655 2691 intelligi,
671 2625 689 2672 a
706 2605 846 2685 nobisne,
862 2625 901 2672 an
918 2624 936 2671 a
953 2604 1042 2672 vohis
1058 2606 1213 2672 habeatur
1230 2625 1304 2674 vera
1348 2580 1412 2624 ’Μ
1446 2582 1464 2614 ”

75 2719 107 2776 el
132 2710 268 2797 legitima
292 2711 345 2778 Dei
372 2712 504 2778 viventis
529 2712 663 2780 Ecclesia
680 2713 703 2776 ².

166 2817 321 2902 Principio
345 2818 421 2885 haec
443 2835 509 2887 nna
532 2826 589 2898 est,
613 2825 722 2904 utpote
745 2835 859 2904 sponsa
881 2817 998 2885 Christi
1026 2818 1158 2904 eiusque
1189 2836 1305 2904 corpus
1328 2833 1344 2878 ι.

76 2924 255 3008 mysticum,
280 2925 324 2990 uti
350 2924 411 2990 iam
435 2941 527 3010 saepe
552 2926 719 3010 repetitum
743 2932 802 3004 est,
827 2943 866 2992 ne
888 2924 1050 2991 Christum
1066 2933 1122 2992 ant
1143 2925 1303 3011 digamum

76 3036 132 3096 aut
154 3029 352 3115 bicorporem
375 3031 478 3098 iacere
502 3049 661 3117 cogamur.
687 3034 723 3097 lt
746 3039 851 3098 uestra
874 3031 1009 3098 Ecclesia
1033 3030 1119 3098 nullo
1135 3031 1226 3098 modo
1242 3049 1305 3098 nna

76 3145 133 3212 est,
157 3137 204 3204 uti
228 3138 326 3204 semel
349 3145 445 3223 atque
461 3138 576 3204 iterum
602 3137 632 3203 in
658 3145 796 3223 utroque
811 3155 982 3223 congressu
1006 3136 1234 3222 praecedenti³
1259 3138 1306 3204 in-

76 3243 258 3311 dicarimus.
283 3244 348 3309 Non
373 3251 421 3311 est
443 3263 507 3310 una
529 3262 602 3312 cnm
629 3243 799 3311 maioribus
822 3243 1019 3322 orthodoxis,
1046 3262 1219 3330 aquornm
1244 3243 1305 3311 lide

78 3350 292 3436 multipliciter
316 3356 347 3416 et
371 3350 456 3417 varie
479 3349 659 3418 dissentitis.
683 3351 748 3416 Non
772 3357 821 3417 est
844 3368 906 3416 nna
922 3367 995 3416 cum
1020 3349 1180 3417 veteribus
1197 3351 1306 3417 haere·

79 3457 156 3536 ticis,
181 3473 254 3522 cum
278 3474 416 3541 qnorum
442 3457 529 3524 nullo
553 3475 609 3542 per
632 3457 737 3524 omnia
761 3456 952 3523 consentitis.
977 3455 1042 3522 Non
1066 3461 1114 3522 est
1136 3474 1200 3522 una
1224 3456 1306 3522 inter

78 3581 133 3630 ros
157 3562 248 3630 hodie
273 3563 423 3642 viventes,
448 3562 619 3650 inquibus
644 3572 689 3630 tot
705 3564 782 3630 adeo
805 3562 893 3629 brevi
910 3571 1013 3630 sectae
1037 3563 1246 3647 pullularunt,
1271 3570 1307 3629 ut

79 3669 260 3749 lutherani,
285 3675 321 3734 nt
343 3669 578 3748 Carolstadiani,
602 3676 638 3736 nt
661 3668 944 3754 oecolampadiani‚
969 3674 1006 3736 ut
1037 3667 1251 3754 Zwingliani*
1275 3676 1307 3735 et

140 3801 151 3822 ·
168 3801 312 3860 uenerant.

149 4009 158 4040 ¹
181 4011 309 4063 hacteuus
327 4007 434 4064 initium
453 4008 531 4061 huius
549 4005 661 4063 articuli
675 4007 762 4076 primi
779 4008 938 4074 impressum
957 4012 997 4059 ost
1010 4006 1037 4058 in
1055 4005 1175 4060 Doctoris
1198 4005 1308 4076 Euqels·

77 4099 126 4168 test
144 4097 366 4152 commentatione
385 4098 437 4150 hm
456 4097 562 4163 saepius
574 4097 678 4150 laudata
705 4095 762 4164 (pp.
783 4095 891 4162 tr-te);
916 4096 959 4148 cui
987 4095 1055 4160 parti
1074 4095 1163 4148 addita
1182 4103 1221 4148 est
1250 4097 1307 4160 (pp.

77 4189 171 4254 ott-st)
191 4187 324 4242 conclusio
341 4187 461 4241 eiusdem
481 4187 582 4240 articuli
600 4193 629 4239 ut
650 4184 761 4238 hahetur
784 4185 849 4236 intra
869 4183 917 4236 til:
945 4183 1051 4238 «Porro
1072 4183 1145 4252 quod
1166 4184 1190 4236 iu
1210 4185 1307 4238 calce...

77 4291 125 4332 nos
144 4277 332 4330 inconstantiae
350 4277 498 4330 notetis...»
534 4289 618 4344 usque
647 4274 680 4327 ad
712 4275 794 4340 «Quo
819 4279 921 4326 hueam
947 4273 1017 4326 nodo
1044 4277 1190 4326 mutantem
1216 4273 1305 4325 Protea

80 4367 183 4420 tultum
198 4385 225 4418 ι.

149 4451 160 4485 ¹
181 4453 247 4508 vide
267 4452 484 4508 adamnanum
503 4451 661 4506 sectandum.

149 4541 160 4572 ⁸
180 4542 247 4596 Vide
266 4555 348 4608 supra
368 4542 458 4595 ibbo.
477 4542 522 4595 te.
541 4543 583 4594 ab.
