3378 5082
349 285 391 352 30
663 304 859 353 coneursum
883 304 1115 390 uurueunmsm
1139 305 1256 352 nautor.

199 445 316 501 scriptu·
348 428 434 496 nelas
457 445 524 496 esse
550 428 701 507 habitum,
725 428 829 495 abdita
852 445 959 495 sacrae
995 428 1153 514 religionis
1177 429 1333 514 cuiusque
1357 428 1505 513 mysteria
1531 435 1576 495 te-
1678 485 1679 502 ,

178 499 331 608 ww
349 551 434 602 mere
458 533 623 620 prolanum
649 535 678 600 in
704 535 818 620 vulgus
840 534 901 613 edi,
926 533 954 601 id
979 534 1062 619 quod
1086 533 1304 619 compluribus
1334 533 1497 620 gentilium
1526 535 1575 600 hi-

192 604 317 660 Μαι
348 641 516 706 storiarum
541 640 695 726 exernplis
720 639 802 706 barro
820 657 931 726 magno
948 640 1071 724 negotio
1087 647 1336 707 commonstrare
1352 657 1516 724 possemus
1531 676 1576 686 -

178 763 329 817 ummo.
350 765 451 814 nonne
476 747 573 814 lloses
595 764 668 814 cnm
694 746 837 812 ministro
860 764 918 812 suo
942 745 1030 812 losua
1054 745 1140 813 solus
1168 747 1198 812 in
1229 753 1364 812 montem
1389 746 1442 813 Dei
1467 763 1575 812 ascen·

348 853 403 932 dit,
428 851 545 920 relictis
568 851 693 919 interim
718 851 755 918 ad
781 851 951 937 regendum
985 853 1015 918 in
1039 870 1150 938 campo
1184 853 1298 937 vulgus
1321 853 1419 918 Aaron
1444 859 1476 919 et
1498 852 1576 930 Hur,

193 977 243 1022 ult
259 977 280 1029 a,
296 976 330 1022 m
348 957 446 1025 donec
470 957 608 1024 redirett
633 957 738 1025 Nonne
761 957 907 1025 Christus
931 959 1003 1024 item
1029 957 1189 1042 Apostolos
1212 975 1287 1024 suos
1303 957 1363 1023 iam
1381 965 1447 1024 tum
1466 975 1577 1024 recens

242 1029 276 1073 ‘⁷'
348 1064 463 1132 electos
487 1063 641 1132 docturus
664 1065 695 1130 in
720 1073 863 1130 montana
889 1082 960 1130 cum
987 1065 1031 1130 eis
1054 1063 1162 1142 subiit,
1187 1063 1298 1130 turbas
1326 1081 1400 1131 vero
1423 1063 1578 1130 docturus

348 1169 386 1236 ad
411 1171 597 1254 campestria
621 1169 722 1248 rediit,
759 1171 917 1254 praeclare
951 1170 1092 1236 videlicet
1120 1169 1269 1248 indicans,
1295 1169 1477 1254 neutiquam
1502 1188 1578 1236 con·

351 1277 456 1344 verrire
481 1277 511 1342 in
537 1277 746 1361 promiscuam
772 1276 1004 1343 multitudinem
1030 1275 1213 1343 sublimiora
1248 1275 1391 1342 coelestis
1414 1275 1575 1343 doctrinae

350 1391 545 1450 sacramenta
556 1392 569 1448 t
593 1383 692 1466 Quam
710 1399 776 1448 rem
794 1382 877 1461 alibi,
896 1391 961 1449 tum
978 1383 1058 1450 lacto
1074 1391 1141 1449 tum
1162 1381 1257 1449 verbo
1273 1382 1373 1467 palam
1398 1382 1577 1462 ostendens,

351 1489 403 1556 ubi
429 1489 596 1574 separatim
632 1508 651 1554 a
686 1489 780 1556 turba
802 1488 963 1575 discipulis
987 1490 1053 1556 suis
1077 1489 1267 1574 propositam
1293 1489 1421 1555 seminis
1445 1489 1579 1573 parabo

199 1615 274 1662 ulcu.
289 1615 322 1667 u,
353 1597 411 1662 lam
436 1596 655 1680 explicaturus
677 1603 775 1662 esset:
809 1595 912 1674 Vobis,
938 1596 1192 1682 inquitatatem
1227 1605 1274 1661 est
1296 1613 1391 1661 nosse
1413 1595 1577 1682 mysterio

244 1669 278 1714 *L
351 1701 447 1787 regni
469 1699 643 1780 coelorum,
669 1700 735 1768 illis
759 1711 870 1768 orclem
893 1713 1028 1768 portast
1052 1702 1180 1768 clatum.

442 1807 556 1874 Paulus
578 1825 705 1894 quoque
728 1809 892 1894 Apostolus
916 1807 1053 1892 optimus
1075 1807 1204 1874 docendi
1230 1807 1357 1886 artilex,
1381 1806 1511 1874 eandem
1529 1825 1579 1874 se-

201 1937 220 1980 r.
236 1935 321 1989 coer,
352 1923 446 1980 cutus
469 1931 622 1993 normam,
648 1913 742 1981 babet
766 1913 919 2000 periectos
953 1921 985 1980 et
1012 1914 1202 2000 spirituales
1230 1932 1368 1998 quorum
1396 1915 1437 1980 sit
1460 1912 1580 1980 solidus

203 1989 237 2094 ’ἔξ
252 1989 323 2087 ff'rf‘
352 2020 451 2096 cibus,
477 2019 558 2088 inter
582 2019 628 2106 (d)
652 2039 732 2107 quos
757 2021 897 2106 loquitur
921 2021 1122 2106 sapientiam3
1149 2020 1242 2087 babet
1260 2021 1346 2086 item
1375 2020 1525 2105 parvulos
1547 2027 1579 2086 et

191 2095 332 2149 mnan.
351 2126 502 2204 carnales,
526 2127 642 2212 quibus
667 2127 745 2194 lacte
769 2129 809 2194 sit
831 2145 921 2212 opus,
945 2127 1028 2212 apud
1051 2145 1133 2211 quos
1168 2135 1315 2212 tanquam
1341 2125 1522 2212 spirituales
1545 2143 1579 2192 se

354 2252 413 2299 uon
439 2233 576 2319 potuisse
601 2233 684 2319 loqui
709 2240 864 2300 testatur:
889 2233 1058 2299 Aninaaiis
1080 2233 1162 2299 enim
1181 2229 1275 2298 domo
1298 2251 1365 2298 non
1378 2232 1522 2318 percipit
1538 2250 1578 2298 eo

352 2359 437 2428 quoe
460 2347 538 2404 scint
558 2339 702 2424 'spiritus
728 2341 794 2406 Dei.
820 2339 1017 2425 Spirituoiis
1040 2349 1151 2406 autem
1176 2339 1305 2406 iudicat
1328 2337 1441 2405 onmia
1466 2346 1524 2405 ete.
1678 2335 1679 2340 ’

442 2447 503 2512 lam
527 2463 603 2512 nero
628 2455 663 2512 ut
686 2447 772 2514 nolas
795 2466 856 2512 non
881 2447 921 2513 sit
956 2447 1095 2532 evulgari
1132 2447 1246 2532 passim
1283 2463 1397 2513 areana
1421 2445 1582 2530 religionis
1678 2529 1679 2544 χ

184 2574 336 2684 aarum&
354 2552 501 2637 mysteria
524 2561 555 2619 et
577 2551 725 2619 omnibus
748 2551 1017 2619 indiscriminatim
1043 2553 1142 2638 prodi,
1167 2560 1233 2620 tum
1257 2553 1311 2638 qui
1336 2557 1583 2619 consentaneum

204 2683 315 2728 tinum·
353 2677 421 2725 esse
446 2665 556 2744 potest,
581 2667 616 2726 ut
651 2677 687 2726 ea
724 2659 842 2744 prolani
880 2659 963 2745 uulgi
1000 2659 1114 2726 iudicio
1149 2659 1380 2726 subiicienturl
1406 2659 1480 2724 Nam
1506 2673 1584 2724 saue
1678 2673 1679 2680 ¹

216 2735 303 2782 ΝΜΟ·
355 2781 426 2830 cum
450 2764 597 2830 omnibus
621 2765 652 2831 in
678 2765 773 2832 rebus
797 2767 971 2850 poetarum,
995 2773 1170 2842 oratorum,
1207 2765 1431 2832 historicorum
1455 2770 1486 2830 et
1511 2762 1584 2848 pbi-

356 2869 557 2954 losopborum
583 2871 777 2950 testimoniis
794 2871 911 2956 quibus
928 2871 998 2937 licet
1014 2871 1176 2937 brevitatis
1192 2871 1292 2956 gratia
1308 2869 1584 2955 supersedeamus

185 2999 336 3049 urinarum
355 2975 431 3042 nibil
456 2975 496 3042 sit
520 2976 604 3062 uulgi
629 2977 744 3044 iudicio
769 2977 889 3056 uranius,
914 2977 991 3044 nibil
1015 2978 1153 3056 stultius,
1170 2977 1246 3044 nibil
1268 2975 1486 3060 contemptius,
1502 2973 1585 3040 nihil

185 3054 335 3112 '⁰¹⁸¹'⁸⁰¹⁰⁸'
354 3081 489 3168 denique
512 3082 642 3168 sapienti
669 3101 825 3169 peraeque
847 3083 1041 3169 fugiendum,
1065 3101 1160 3169 quam
1186 3091 1221 3150 ut
1245 3083 1316 3150 inde
1339 3081 1488 3168 pendeat:
1514 3089 1584 3147 tum

353 3188 384 3254 in
409 3189 507 3256 sacris
529 3189 706 3275 divinisque
730 3189 826 3257 rebus
849 3189 1077 3276 arnbiguitates,
1101 3190 1333 3257 controversiae
1356 3196 1388 3255 et
1405 3188 1474 3256 lites
1488 3187 1584 3255 obor-

355 3302 414 3373 tae,
439 3313 502 3380 quo
526 3295 649 3362 tandem
682 3297 751 3363 iure
786 3315 847 3362 nori
883 3296 1031 3382 profanae
1061 3296 1162 3376 modo,
1187 3295 1239 3363 sed
1264 3296 1357 3362 ctiam
1382 3293 1470 3362 rudis
1493 3293 1583 3361 iudo-

355 3409 486 3488 ctaeque
510 3401 608 3486 plebis
631 3403 797 3488 cognitioni
824 3403 1067 3489 permittentur?
1090 3403 1167 3488 Quis
1198 3403 1344 3469 idoneum
1372 3401 1472 3488 egerit
1502 3399 1584 3467 iudi·

200 3532 333 3586 aetum.
356 3525 435 3586 cem,
460 3507 490 3574 iu
515 3509 659 3594 eoquod
683 3528 845 3595 nunquam
869 3509 999 3577 didtcttt
1024 3511 1139 3578 Paulus
1166 3509 1249 3596 apud
1286 3526 1390 3594 regem
1415 3507 1582 3594 Agrippam

358 3633 415 3700 pro
438 3633 471 3681 se
494 3633 622 3682 causam
645 3615 799 3696 dicturus,
825 3617 950 3684 beatum
975 3635 1008 3684 se
1033 3623 1132 3702 putat,
1156 3615 1240 3702 quod
1264 3615 1348 3700 apud
1371 3633 1443 3682 eum
1471 3632 1506 3682 se
1528 3613 1585 3682 de-

357 3719 505 3788 tensurus
528 3730 620 3801 esset,
656 3722 709 3806 qui
743 3723 835 3809 longo
870 3723 930 3790 iam
964 3741 1024 3790 usu
1061 3723 1245 3791 ludaeorum
1282 3720 1525 3788 consuetudines
1552 3729 1585 3788 et

188 3857 251 3900 utut.
266 3853 332 3906 mc.
356 3826 554 3911 quaestiones
577 3847 685 3895 omues
710 3830 806 3914 probe
831 3837 959 3896 teneret.
985 3830 1064 3897 Num
1089 3831 1188 3897 ltoses
1222 3830 1252 3894 in
1282 3827 1462 3896 difficilibus
1485 3827 1584 3894 ambi-

357 3932 490 4018 guisque
514 3934 617 4000 causis
643 3935 681 4000 ad
706 3936 884 4002 universam
918 3936 1023 4022 populi
1057 3935 1301 4014 multitudinem,
1336 3953 1376 4001 au
1412 3935 1516 4019 potius
1545 3933 1584 4000 ad

188 4066 338 4119 uiuum.
358 4039 535 4106 sacerdotes
558 4041 683 4107 levitici
708 4043 832 4126 generis
867 4043 1005 4109 eundum
1042 4043 1290 4128 praescripsit¹t
1314 4043 1394 4108 Num
1418 4040 1584 4108 llalacbias

429 4316 437 4347 ¹
458 4319 531 4372 Mon.
551 4319 571 4372 lt
593 4317 644 4372 7¹³:
664 4319 746 4372 Audis
765 4319 806 4372 lde
825 4334 939 4387 quorum
960 4321 1069 4372 consilio
1092 4326 1117 4374 et
1141 4319 1294 4372 auctoritate
1321 4333 1363 4372 res
1386 4317 1484 4372 dubiae
1508 4318 1584 4371 adeo·

358 4421 410 4475 qne
429 4407 623 4460 controversiae
641 4423 734 4461 omnes
758 4409 908 4462 interiorum
934 4407 1049 4462 iudicum
1078 4409 1209 4461 liniendae
1236 4410 1294 4474 siut,
1319 4409 1443 4461 nimirum
1462 4405 1585 4462 sucerdo-

358 4498 416 4549 trmt
436 4494 534 4552 levitici
549 4495 664 4566 generis.
684 4497 737 4564 (Sic
756 4505 897 4564 postquam
917 4496 1077 4552 verbotenus
1095 4498 1183 4552 citavit
1202 4499 1278 4552 Dent.
1299 4497 1340 4562 ll,
1359 4499 1386 4550 8.
1404 4497 1441 4566 9).
