3364 5092
385 323 429 388 74
703 339 899 389 consdttttu
921 339 1154 388 curduntntsatt
1176 338 1294 387 nantel.

242 479 291 524 Aet
306 478 326 532 t.
341 477 363 522 ³·
385 481 474 533 suam
491 464 638 552 seipsum
651 463 808 550 praebuit
822 463 984 549 discipulis
999 463 1066 531 suis
1081 464 1194 530 ciurrm
1211 464 1247 530 io
1263 462 1376 529 rrrultis
1391 461 1615 548 argumentis,

381 589 443 658 per
466 569 697 659 quadraginta
720 569 790 637 dies
805 587 977 655 appareas
999 570 1047 636 eis
1062 579 1091 636 ct
1106 571 1146 636 de
1160 588 1263 656 regno
1282 569 1340 636 lici
1361 567 1519 656 buum?
1536 567 1615 634 Ecce

384 677 525 744 locutum
559 675 687 762 quidem
722 676 902 744 audirimus
934 675 1109 754 dominum,
1141 675 1236 761 idque
1270 676 1369 760 spatio
1405 673 1615 760 quadraginta

383 782 519 861 dierum,
550 789 583 849 at
613 782 688 869 quid
713 783 753 850 sit
777 783 912 862 locutus,
936 801 997 848 nnn
1029 783 1103 849 item
1135 783 1291 849 audimus.
1315 782 1380 847 Non
1411 780 1525 847 desunt
1556 779 1614 866 qui

384 898 535 968 asserant,
560 889 591 956 id
621 889 706 975 quod
728 889 805 956 mibi
829 907 958 975 qrroque
981 890 1017 955 lit
1039 885 1110 972 (tt)
1134 895 1388 966 consentaneum,
1419 899 1543 954 omnes·
1559 903 1616 952 ens

383 995 450 1064 dies
473 996 634 1064 Christum
666 995 853 1064 disseruisse
877 1013 949 1063 cnm
982 996 1135 1082 Apostolis
1157 995 1197 1062 de
1228 993 1419 1061 moderanda
1442 993 1616 1060 salubriter

385 1103 529 1182 Ecclesia,
554 1121 648 1189 quam
674 1120 806 1188 regnum
831 1103 884 1170 Dei
910 1120 1138 1188 saepenumero
1162 1101 1345 1187 appellitare
1369 1101 1457 1167 solet.
1474 1101 1511 1165 lt
1534 1098 1615 1166 nibil

383 1227 494 1277 eorum
519 1209 659 1276 omnium
684 1209 783 1276 literis
798 1209 948 1276 traditum
974 1207 1136 1276 babemus.
1155 1207 1266 1274 Eodem
1284 1225 1412 1292 qunque
1433 1213 1535 1292 pacto,
1552 1206 1615 1271 iam

383 1322 456 1382 ante
489 1314 693 1394 ostendimus,
725 1333 798 1382 cum
827 1314 867 1381 de
899 1315 1119 1382 traditionibus
1149 1313 1330 1400 apostolicis
1361 1313 1458 1380 rerba
1488 1312 1616 1388 fierent,

384 1421 602 1507 Apostolorum
628 1422 676 1487 vel
707 1421 790 1488 dicta
814 1422 862 1488 vel
886 1421 967 1488 lacta
992 1422 1045 1487 vix
1078 1421 1206 1488 minima
1236 1437 1277 1486 ex
1302 1428 1392 1505 parte
1416 1419 1515 1486 literis
1546 1435 1617 1486 esse

385 1527 507 1613 prodita
520 1529 542 1592 ¹.
559 1527 687 1611 Quoties
704 1527 894 1594 iunctorum
913 1529 1042 1594 bistoria
1060 1528 1185 1612 legitur,
1198 1544 1270 1593 cnm
1286 1527 1374 1604 alios,
1391 1533 1458 1592 tum
1476 1525 1616 1591 maxime

384 1633 515 1700 Paulum
539 1632 682 1712 subinde,
706 1651 791 1700 nrrnc
813 1633 850 1700 ad
870 1635 1033 1719 populum,
1059 1651 1142 1700 nunc
1158 1632 1195 1699 ad
1212 1632 1336 1710 iratres,
1354 1650 1438 1698 nunc
1458 1631 1497 1697 ad
1522 1650 1617 1715 syna-

384 1757 479 1824 gogas
502 1739 635 1806 diversis
658 1739 688 1806 in
714 1739 790 1806 locis
821 1740 968 1807 babuisse
992 1740 1167 1817 conciones,
1196 1757 1312 1825 easque
1344 1737 1552 1823 longissimas,
1585 1744 1617 1803 at

384 1845 534 1931 quidnam
560 1845 785 1912 continuerunt
809 1865 869 1912 non
887 1846 1065 1930 explicatur
1089 1854 1148 1913 etc.
1173 1847 1256 1930 Quot
1278 1853 1353 1912 sunt
1370 1844 1460 1910 bodie
1478 1845 1562 1910 ritus
1586 1851 1616 1910 el

384 1953 529 2037 dogmata
554 1951 706 2019 Ecclesiae
731 1952 777 2019 vel
802 1952 925 2018 avnbis
948 1971 1076 2038 qrroqne
1102 1959 1344 2037 receptamque
1369 1949 1511 2036 probata,
1534 1967 1617 2035 quae

385 2067 487 2126 umen
520 2059 552 2124 in
583 2059 749 2126 canonicae
784 2059 961 2144 scripturae
993 2060 1081 2127 libris
1112 2077 1268 2144 nusquam
1301 2065 1386 2125 certe
1422 2057 1617 2124 verbotenus

384 2183 536 2251 expressa
560 2165 808 2250 comperiuntur.
834 2166 955 2231 Possem
973 2166 1033 2232 boc
1055 2165 1198 2232 adductis
1219 2164 1436 2251 compluribus
1458 2163 1618 2248 exemplis

383 2271 557 2350 ostendere,
574 2271 631 2338 nisi
657 2271 716 2338 iam
735 2272 805 2356 plus
828 2271 924 2338 nimio
947 2275 1086 2352 (vereor)
1104 2273 1215 2356 longus
1229 2271 1368 2348 fuissem,
1393 2270 1516 2336 tametsi
1534 2289 1617 2336 nun-

383 2397 478 2464 quam
496 2377 598 2456 nimis,
611 2377 695 2464 quod
712 2395 873 2464 nunqnam
891 2378 965 2445 satis
980 2379 1106 2445 dicitur.
1124 2379 1234 2453 laceo,
1251 2395 1323 2444 cum
1340 2383 1615 2444 sacramentorum

384 2485 438 2551 Dei
462 2483 597 2568 cognitio
619 2491 650 2550 et
667 2483 743 2551 fides
766 2491 873 2550 nostra
895 2483 1009 2550 divinis
1032 2484 1165 2569 eloquiis
1187 2491 1332 2550 contenta
1357 2501 1412 2568 per
1433 2491 1616 2568 temporum

384 2589 548 2657 intervalla
572 2589 720 2674 paulatim
745 2589 913 2656 adoleverit
936 2597 966 2655 et
990 2591 1146 2674 explicata
1169 2589 1275 2668 luerit,
1299 2607 1337 2656 ne
1366 2588 1457 2656 bodie
1484 2589 1616 2674 quidem

384 2713 507 2762 omnem
532 2694 612 2762 lorte
636 2695 840 2780 theologicam
865 2695 1027 2762 veritatem
1054 2696 1084 2762 in
1109 2697 1207 2763 sacris
1233 2695 1330 2762 literis
1353 2694 1616 2779 comprehensam

385 2801 538 2867 Ecclesiae
562 2801 730 2867 revelatam
756 2819 834 2880 esse,
859 2809 890 2867 at
913 2819 971 2868 suo
996 2809 1136 2887 tempore
1160 2821 1177 2868 a
1202 2802 1315 2887 spiritu
1340 2808 1447 2867 sancto
1471 2801 1618 2868 revelan-

383 2907 454 2974 dam
478 2915 510 2974 et
533 2906 760 2992 explicandam.

473 3013 618 3080 Ceterum
637 3031 730 3099 quem
749 3014 778 3080 in
805 3015 897 3081 linem
915 3014 992 3081 adeo
1015 3015 1124 3082 rnnltis
1142 3033 1191 3082 me
1206 3015 1301 3099 latigo
1319 3015 1348 3080 in
1365 3033 1403 3080 eo
1427 3014 1617 3098 praesertim

223 3127 367 3174 remonon·
385 3118 584 3196 confutando,
619 3119 703 3204 quod
740 3121 827 3186 velut
858 3116 1017 3194 ἀσύστατον,
1053 3121 1082 3186 id
1114 3129 1171 3198 est,
1202 3120 1405 3187 inconsistens
1440 3136 1618 3205 secumque

228 3181 312 3236 dnm,
327 3182 358 3226 nll

214 3237 301 3344 3333
315 3235 366 3332 2⁰.ss
386 3243 529 3310 pugnans
546 3225 558 3263 ²
583 3225 684 3310 ipsum
702 3243 735 3292 se
759 3226 884 3292 conficit
906 3233 1002 3312 atque
1018 3226 1149 3312 iugulat,
1174 3227 1268 3311 idque
1293 3225 1401 3292 multis
1421 3225 1615 3292 nominibus.

238 3341 342 3438 'ffi'gl'
386 3331 553 3416 Primoque
569 3331 728 3417 scriptura
743 3333 892 3400 canonica
908 3333 938 3399 id
956 3333 1090 3400 nominis
1107 3334 1199 3399 babet
1215 3351 1232 3398 a
1248 3351 1366 3399 rarione
1387 3349 1443 3417 per
1460 3331 1618 3399 Ecclesiae

385 3437 602 3504 alletoritatem
629 3447 755 3522 recepto
778 3447 872 3524 atque
890 3441 1037 3524 probat0;
1062 3441 1115 3525 qui
1141 3457 1216 3524 ergo
1239 3439 1314 3506 dicit
1337 3457 1370 3505 se
1394 3438 1491 3505 solam
1522 3457 1617 3506 cano

384 3545 484 3611 nicam
509 3543 674 3610 admittere
697 3545 898 3630 scripturam,
933 3547 1008 3612 dnm
1036 3548 1101 3612 vult
1127 3547 1291 3612 Ecclesiam
1317 3554 1530 3624 contemnere,
1564 3563 1616 3613 ne-

385 3651 469 3718 scius
504 3658 535 3716 et
564 3651 680 3716 inritus
711 3657 810 3722 (bota
842 3653 959 3738 qnippe
991 3653 1132 3719 veritalis
1166 3661 1213 3719 est
1248 3653 1363 3733 virtus)
1398 3669 1465 3718 eam
1501 3652 1616 3718 andire

384 3757 582 3842 compellitur
599 3757 622 3821 ³.
648 3793 689 3806 -
708 3757 824 3824 Deinde
847 3759 930 3844 quod
956 3777 996 3825 ex
1014 3759 1171 3826 universis
1186 3759 1291 3826 bibliis
1315 3776 1407 3825 nemo
1431 3757 1616 3843 probaverit

455 3985 464 4017 ¹
485 3989 546 4042 Not.
565 3991 586 4040 lt
606 3987 661 4040 bb:
682 3989 707 4040 ln
725 3991 846 4042 confesso
865 3997 913 4053 est,
933 3992 1070 4055 apostolos
1090 3992 1171 4044 multo
1185 3992 1286 4057 plura...
1300 3991 1514 4058 docuissemque
1534 3992 1613 4044 etiam

384 4077 631 4144 ordinassemus
651 4075 787 4130 canonicis
807 4075 977 4131 continentur
997 4077 1082 4132 libris.

454 4162 557 4219 'uon
576 4162 620 4216 lb:
639 4165 793 4228 Arcesilaus,
817 4165 980 4230 ignorantiae
1004 4167 1137 4232 magister,
1162 4167 1303 4220 introducit
1326 4181 1410 4232 genus
1429 4167 1612 4234 pbilosopbiae

384 4237 541 4318 ἅσὺστατον,
561 4253 579 4305 i.
596 4267 619 4305 e.
639 4251 757 4305 instabile
776 4259 802 4305 et
820 4253 978 4306 inconstans.

455 4339 547 4395 ”Noc
566 4341 584 4392 S
603 4339 653 4393 ab:
675 4339 760 4394 Verbu
780 4340 873 4395 Cbristi
887 4348 954 4395 stant
973 4343 1081 4396 lirmiter
1100 4359 1149 4410 pro
1172 4345 1281 4398 Ecclesia
1302 4353 1403 4398 nostru:
1423 4345 1450 4398 si
1470 4346 1611 4399 Ecclesiam

384 4443 434 4481 non
453 4429 573 4495 audierit,
592 4430 625 4482 sit
643 4429 688 4483 tibi
708 4431 775 4483 sicul
793 4431 916 4484 Etbnicus
935 4437 960 4484 et
980 4431 1145 4496 publicanus.
1157 4435 1212 4486 Non
1227 4435 1323 4500 inquit:
1337 4435 1362 4486 Si
1383 4436 1498 4498 Petrum,
1510 4436 1532 4486 si
1547 4437 1611 4487 Pau·

383 4517 447 4580 lum,
466 4518 487 4571 si
507 4519 638 4570 Tbomarn
656 4545 692 4558 -
710 4533 862 4588 quanquam
882 4520 943 4573 etii
963 4520 1096 4588 audiendi,
1116 4523 1195 4575 modo
1219 4522 1341 4575 assentiat
1359 4531 1510 4590 constatque
1529 4525 1611 4577 Eccle
