3364 5092
504 345 618 394 antuus
640 345 846 395 cononessus.
1248 327 1290 396 73

78 469 241 549 inhumus,
265 469 466 537 ostendentes
490 469 673 554 Evangeiico
694 469 763 536 viro
786 469 877 556 longe
897 469 991 554 plura
1014 469 1109 555 recipi
1134 477 1291 556 oportere,

76 595 109 644 ac
127 577 294 646 doctrinam
312 576 519 642 Christianam
544 583 576 641 et
600 575 815 662 Evangeiicam
834 577 936 643 multo
952 585 1060 662 patere
1076 576 1180 656 latius
1196 595 1291 662 quam

80 691 112 748 ut
132 684 175 750 his
196 683 352 769 augustiis
384 683 581 750 includatur:
613 701 678 768 quo
708 683 804 750 semel
828 684 885 749 ista
909 683 1015 770 opinio
1044 682 1188 768 stirpitus
1209 684 1292 750 evel-

77 791 149 856 iatur
170 829 212 839 -
236 807 341 857 nonne
366 789 436 856 iibri
460 791 650 876 complores,
674 808 812 875 quorum
833 790 893 857 sub
910 789 1006 858 reteri
1032 796 1219 856 testamento
1233 789 1293 856 luit

75 911 151 974 usos,
173 914 257 964 nunc
281 897 441 974 interiere,
464 913 603 980 quorum
619 895 649 962 in
675 896 724 962 his
747 894 918 962 etiamnum
935 895 1118 962 extantibus
1133 894 1291 962 interdum

75 1001 108 1068 ht
126 1003 247 1081 mentio,
272 1009 309 1070 ut
324 1010 372 1069 est
397 1002 475 1070 iiber
499 1001 666 1082 beliorum,
692 1002 770 1070 iiber
793 1003 950 1068 iustorum
968 1008 999 1069 et
1022 1001 1072 1068 aiii
1098 1001 1292 1086 nescioqui,

74 1127 199 1194 quorum
225 1127 311 1176 nunc
335 1109 486 1176 memoria
509 1127 570 1174 non
595 1109 745 1193 suppetit,
777 1115 812 1174 ut
833 1107 949 1174 mirum
973 1127 1035 1175 non
1059 1107 1110 1186 sit,
1139 1106 1293 1192 quaedam

72 1216 111 1280 ab
131 1215 330 1300 Euangeiistis
353 1233 579 1300 nonnunquam
608 1222 640 1280 et
662 1214 815 1300 hpostolis
838 1213 938 1292 citari,
963 1232 1044 1299 quae
1068 1231 1152 1280 nunc
1179 1213 1210 1279 in
1242 1230 1293 1279 ca-

73 1339 145 1387 none
167 1322 282 1388 reteris
294 1321 481 1388 testamenti
499 1337 656 1405 nusquam
674 1320 890 1386 inveniuntur.
906 1320 1014 1386 Nonne
1037 1318 1230 1387 consimilem
1254 1317 1293 1384 ad

72 1427 190 1494 molum
213 1427 334 1512 aliquot
357 1427 506 1512 epistolae
523 1427 739 1511 tpostotorom
757 1426 817 1493 sub
832 1444 914 1492 novo
937 1432 1123 1492 testamento
1140 1425 1294 1492 interiisse

74 1533 221 1611 ridentur,
246 1539 282 1599 ut
304 1533 434 1618 epistola
457 1532 496 1599 ad
532 1532 744 1611 laodicenses,
768 1540 799 1598 et
829 1532 932 1598 adhuc
955 1531 993 1598 ad
1017 1531 1196 1598 Corinthios
1219 1549 1294 1611 una,

72 1657 199 1723 quarum
224 1639 393 1724 utriusque
419 1640 547 1705 Panium
564 1639 732 1706 neminisse
755 1645 895 1723 apparet.
912 1639 1122 1722 Quamobrem
1146 1655 1218 1704 cum
1243 1655 1294 1704 ca-

74 1747 194 1812 nonicae
218 1746 395 1831 scripturae
420 1746 489 1813 iibri
523 1746 571 1812 rel
603 1745 790 1830 negligentia
823 1744 869 1810 vel
902 1745 1020 1811 malitia
1051 1744 1214 1810 hominum
1239 1750 1295 1810 aut

73 1852 194 1919 interire
216 1859 272 1918 aut
295 1852 454 1937 exstingui
481 1852 610 1937 possint,
638 1850 716 1917 fides
740 1860 856 1930 nostra,
881 1867 962 1935 quae
985 1851 1077 1917 iuxta
1099 1849 1215 1916 Christi
1239 1849 1294 1916 do

72 1960 197 2025 utrinam
221 1965 254 2025 et
278 1959 516 2044 promissionem
552 1958 741 2024 occumbere
766 1957 874 2042 nequit
892 1959 914 2035 ¹,
939 1957 1026 2023 nullo
1048 1963 1139 2042 pacto
1162 1956 1224 2023 iilis
1248 1964 1296 2022 est

71 2065 197 2151 alligata.
222 2065 281 2132 sed
306 2073 337 2132 et
361 2067 442 2131 inter
466 2082 512 2144 ea,
529 2081 610 2150 quae
631 2066 803 2130 etiamnum
828 2063 944 2147 scripta
960 2071 1115 2142 tenemus
1140 2061 1294 2147 numquid

71 2171 170 2238 ornnia
183 2172 298 2238 Christi
324 2179 390 2238 tum
415 2170 496 2238 dictu
520 2179 587 2237 tum
603 2171 683 2236 iaetu
702 2169 799 2236 literis
822 2168 968 2236 mandata
990 2175 1089 2235 sunt?
1112 2160 1240 2252 Quoties
1263 2168 1295 2234 in

75 2278 223 2363 Evangelii
247 2278 386 2345 decursu
411 2279 525 2363 passim
552 2277 693 2362 legimus,
716 2274 871 2354 docuisse,
900 2273 1094 2360 praedicasse
1117 2291 1154 2340 ac
1185 2274 1295 2340 iecisse

73 2385 166 2450 muita
188 2383 360 2462 Christum,
383 2401 521 2469 qnorum
545 2391 647 2449 umen
666 2382 740 2450 inibi
766 2381 842 2448 nihii
867 2397 1018 2466 expresse
1040 2380 1242 2458 describitur,
1265 2378 1295 2446 id

71 2492 149 2574 quoti
167 2493 278 2558 beatus
295 2491 433 2568 ioannes,
448 2490 713 2574 Evangelistarum
731 2489 846 2573 alioqui
865 2495 1006 2572 leomore
1024 2494 1213 2572 postremus,
1234 2486 1296 2552 sub

73 2597 219 2683 Evangelii
245 2597 293 2665 sui
319 2597 434 2664 calcem
458 2603 566 2681 aperte
597 2603 792 2662 contestans:
818 2593 922 2660 iliu-ito
953 2594 1097 2681 quilleno,
1122 2593 1236 2677 inquit,
1267 2600 1297 2659 et
1321 2605 1398 2660 ooo,
1413 2605 1447 2650 uo.

72 2705 136 2770 olio
159 2705 260 2790 aprio
282 2703 359 2792 sccii
384 2705 476 2769 lesus
500 2704 536 2768 io
566 2711 739 2788 coo-specto
762 2699 1005 2786 discipulorum
1028 2718 1183 2776 suorum,
1210 2717 1297 2786 quoe

74 2821 232 2876 nunaunt
256 2811 385 2896 scripto
417 2811 452 2876 in
484 2808 568 2876 ituro
592 2805 660 2874 icoc.
683 2809 718 2873 Et
742 2808 874 2874 iterum:
900 2805 996 2883 Solet,
1028 2805 1194 2890 inquitet
1225 2804 1297 2870 olio
1321 2819 1350 2865 u.
1364 2819 1399 2872 ar,
1413 2818 1449 2864 aa.

74 2919 171 2985 inuito
187 2937 275 3005 quoe
290 2915 367 3004 fecit
383 2917 488 2994 leurs,
504 2917 636 3004 quaesi
650 2913 846 2981 scribuntur
868 2931 927 2998 por
943 2911 1090 2998 simpuio,
1111 2931 1168 2978 uec
1185 2911 1297 2997 ipsunt

74 3024 218 3090 urhitror
234 3023 398 3090 murittum
422 3041 540 3108 cupere
561 3041 657 3108 posse
679 3020 808 3107 eosqui
829 3017 1055 3086 scriberentur
1071 3017 1182 3084 libros.
1205 3017 1297 3102 Quid,

74 3133 149 3214 quod
180 3131 329 3198 dominus
361 3139 477 3208 noster,
511 3137 588 3196 teste
619 3129 712 3206 birca,
745 3134 812 3212 post
836 3126 1002 3211 gloriosam
1033 3124 1298 3192 resurrectionem

140 3380 148 3411 ¹
169 3381 253 3436 Enciu
273 3383 306 3434 E:
326 3379 461 3434 Constat...
479 3381 576 3432 multos
595 3377 728 3432 interiisse
747 3375 838 3442 tidros,
851 3376 896 3442 qut
911 3376 936 3426 ln
952 3373 1039 3426 bibliis
1051 3373 1172 3436 citantor,
1184 3387 1299 3440 qnorum

76 3475 153 3523 tamen
172 3485 221 3524 nec
241 3470 384 3536 uestigium
404 3469 475 3534 apud
495 3483 543 3521 uos
563 3467 682 3520 hahetur.
701 3469 819 3533 Quorum
839 3478 854 3516 e
873 3477 984 3516 numero
1003 3470 1063 3515 sont
1081 3461 1125 3524 ilii,
1150 3461 1300 3528 dequibus

78 3558 98 3608 in
117 3559 235 3612 humeris
254 3559 350 3612 dicitur
375 3559 462 3622 (Nom.
488 3559 558 3624 itti:
584 3557 719 3623 Siquidem
745 3557 831 3606 »irnon
861 3553 987 3606 terminos
1005 3557 1044 3604 est
1064 3549 1148 3614 lioub,
1176 3549 1301 3604 dividens

77 3647 193 3702 iloubitas
210 3659 237 3702 et
256 3651 440 3702 Amorrhaeos.
460 3648 533 3701 Unde
551 3647 647 3700 dicitur
666 3647 691 3698 in
711 3643 779 3698 libro
799 3641 932 3697 beliorum
959 3641 1072 3694 domini:
1099 3640 1170 3692 Sicut
1196 3637 1253 3691 tecit
1274 3639 1300 3690 in

78 3739 135 3789 utari
154 3739 246 3802 rubro,
264 3739 301 3791 sic
322 3738 396 3791 iactet
415 3737 440 3789 in
461 3735 621 3790 torrentibus
639 3737 737 3788 Arnon.
756 3735 785 3786 Et
809 3732 834 3784 in
860 3735 934 3784 losue
954 3731 1024 3798 (l0):
1051 3730 1237 3794 steteruntque
1263 3727 1300 3780 soi

78 3833 99 3874 et
115 3827 170 3878 luna
192 3828 216 3880 in
236 3827 335 3888 medio,
354 3827 439 3879 donec
459 3825 626 3878 ulcisceretur
637 3839 666 3876 se
686 3837 752 3888 gens
764 3823 798 3876 de
812 3821 924 3872 inimicis
942 3820 1004 3870 suis.
1018 3819 1109 3871 Nonne
1122 3817 1248 3882 scriptum
1262 3823 1302 3869 est

78 3915 121 3966 boc
139 3917 163 3968 in
182 3914 259 3970 libras
278 3915 434 3970 iustorum?
455 3916 490 3966 Eo
509 3915 622 3980 pertinet
639 3919 666 3966 et
683 3912 743 3964 iilud
764 3912 790 3963 in
810 3909 876 3962 ilhro
890 3911 992 3974 ltegum
1007 3908 1047 3974 (li.
1071 3909 1091 3972 t,
1115 3907 1172 3974 i8):
1187 3908 1216 3958 bt
1229 3921 1302 3970 prue-

78 4005 146 4068 tupit,
165 4012 193 4058 ut
211 4005 337 4059 docerent
356 4005 422 4056 iiiios
441 4002 502 4059 ludu
520 4017 621 4066 orcum,
640 4001 707 4054 sicut
720 4001 847 4064 scriptum
861 4007 900 4052 est
919 3999 943 4050 in
958 3995 1026 4050 libro
1046 3995 1189 4050 iustorum.
1203 3993 1301 4047 Deinde

79 4089 99 4142 tn
117 4095 183 4146 hunc
201 4093 292 4146 album
312 4093 401 4146 reterri
422 4103 531 4158 possunt
553 4099 578 4144 et
601 4090 726 4145 cumino
751 4087 906 4144 &botonis
929 4095 955 4140 et
978 4085 1170 4151 disputationes
1195 4081 1301 4138 eiusde

80 4183 170 4236 orituro
190 4181 339 4252 liquorom,
358 4179 515 4246 herborum,
531 4179 724 4242 iumentorum,
739 4177 892 4242 uolucrum,
911 4173 1049 4246 ruptilium
1062 4177 1087 4228 et
1097 4172 1223 4242 placituro,
1239 4172 1301 4225 item

80 4265 139 4322 iiber
156 4269 302 4326 uerborum
320 4269 435 4336 diarium,
458 4267 523 4324 iibri
540 4267 651 4324 illothuu
665 4267 814 4338 prophetoe
832 4269 857 4321 ci
876 4265 975 4322 Acitioe
994 4262 1123 4324 Sollicitis,
1146 4261 1213 4316 visio
1228 4259 1301 4316 Addo

81 4355 180 4414 culmina
199 4368 291 4412 contra
310 4357 467 4413 ilieroboom
488 4360 569 4412 illium
590 4357 699 4420 Nobutit,
718 4365 742 4409 et
763 4356 880 4424 plerique
893 4355 945 4418 ulii,
963 4354 1008 4420 qui
1028 4353 1117 4418 scripti
1137 4351 1246 4420 quidem
1267 4353 1302 4402 ie·

81 4453 176 4512 utuntur,
194 4449 241 4502 sed
261 4448 340 4502 hodie
358 4449 430 4514 apud
450 4462 498 4500 uos
517 4463 568 4500 non
587 4453 814 4514 conuentusque
833 4451 934 4498 certum
953 4441 1019 4509 quid
1040 4441 1074 4494 de
1090 4442 1122 4494 iis
1135 4449 1302 4506 compertum

81 4533 209 4604 babemus,
230 4537 303 4606 quod
323 4537 443 4591 omniurn
463 4537 569 4591 calculis
588 4535 724 4602 probetur.
