3378 5082
379 307 418 372 18
879 321 1094 370 ruraooucrvo.

376 462 551 508 caesaream
575 446 602 506 in
627 445 727 508 laturo
749 443 881 520 gerveraii
903 443 948 504 vel
972 443 1115 504 nationali
1139 442 1277 504 coancillis
1292 441 1486 520 designandis
1501 451 1604 505 aucto-

377 553 539 616 ritatem».

376 657 382 667 “
458 659 541 720 Hane
565 675 635 719 vero
659 657 698 720 ob
719 673 844 720 causam
869 658 927 719 iam
951 664 1053 720 lanea
1077 655 1238 718 Lambevto
1262 656 1384 735 probris
1398 662 1429 717 et
1448 663 1604 718 covvtvrme·

377 765 425 828 liis
447 766 582 838 allectus
604 781 673 826 cum
698 763 867 842 Lavvdgralli
903 764 1020 826 veniam
1055 763 1186 824 abeundi
1220 763 1367 842 petiisset,
1400 764 1429 824 iu
1451 763 1602 824 werlensi

376 871 491 951 oppido
513 888 615 934 coram
633 873 751 934 violaria
767 870 890 948 vrvvbiico
907 871 1156 949 protestationem
1172 887 1258 932 stram
1275 871 1417 949 repetivit
1432 869 1603 949 cedentque

377 995 456 1040 avano
478 994 581 1039 meuse
606 977 764 1040 Decembri
793 975 1010 1038 «uenationes
1038 979 1105 1039 526
1126 994 1214 1038 aeros
1242 974 1428 1038 ortlrodoecs
1454 973 1604 1038 adoneus

377 1085 429 1146 Fr.
452 1082 610 1147 Lamberti
629 1081 795 1146 Paradene
817 1081 915 1163 impia
931 1108 978 1143 ι...
1000 1082 1142 1144 Coloniae
1165 1083 1246 1162 typis
1269 1083 1432 1145 mandavit.

458 1195 543 1253 drino
567 1194 643 1254 1517
667 1190 811 1253 Nicotaus
833 1198 944 1262 noster,
977 1188 1151 1250 morvatsterii
1176 1188 1328 1250 tirolensis
1357 1190 1530 1252 nominatus
1558 1199 1605 1251 est

377 1297 570 1361 Guardianns
591 1297 761 1376 eodemque
783 1315 861 1359 averno
883 1295 1025 1358 Coloniae
1055 1296 1224 1375 puidicavit
1251 1294 1448 1376 «Epistolmn
1476 1295 1519 1357 ad
1552 1296 1606 1358 Co·

379 1404 545 1466 liniettsem
566 1402 776 1484 felicissimam
798 1401 904 1466 urbem
919 1428 949 1474 ι,
972 1420 1032 1482 qvia
1055 1402 1259 1482 respondebat
1278 1403 1432 1465 Francisci
1448 1402 1605 1465 lainberti

379 1511 547 1572 mendaciis
570 1509 697 1589 pvoimis
719 1511 746 1570 in
770 1510 896 1589 epistola
920 1511 958 1571 ad
990 1509 1186 1571 Colonienscs
1218 1513 1265 1570 15.
1296 1508 1382 1570 Febr.
1414 1513 1490 1570 teian
1513 1509 1604 1586 data;

379 1618 449 1679 item
472 1617 653 1678 Germanico
676 1614 820 1676 idiomate
843 1616 974 1694 imprimi
992 1617 1062 1677 tecit
1077 1617 1362 1677 commentationem
1378 1614 1416 1677 de
1432 1615 1530 1676 lribns
1545 1613 1606 1677 cle-

378 1725 511 1785 ricorum
536 1723 622 1796 votis,
645 1723 694 1784 cui
717 1721 835 1784 addidit
857 1723 1014 1797 rationem,
1036 1739 1092 1784 cur
1116 1722 1268 1784 indicibus
1290 1721 1471 1785 inliberauis
1486 1722 1604 1800 scripta

377 1847 431 1892 sua
456 1847 555 1909 ireque
578 1829 667 1890 vellet
690 1845 788 1908 nenive
810 1829 935 1890 deberet
956 1809 1117 1891 subiicere.

457 1936 523 1998 Nou
546 1936 684 1997 obstante
705 1952 830 1998 mtvvtere
851 1935 1016 1997 Guardiani
1041 1936 1194 1997 Brnlensis
1210 1953 1279 1997 mox
1302 1935 1502 1998 Ecclesiastes
1518 1934 1607 1997 urbis

379 2043 564 2122 agrippinae
586 2041 728 2104 Coloniae
750 2041 856 2113 lacteis,
878 2059 947 2104 eum
970 2042 1125 2104 ordinarie
1157 2045 1184 2104 iu
1212 2042 1325 2121 templo
1348 2041 1516 2104 cathedrali
1541 2051 1606 2104 tum

378 2150 469 2212 etiam
493 2149 560 2211 aliis
582 2149 652 2211 ivivrc
675 2148 745 2210 iude
767 2149 842 2209 loeis
864 2148 1000 2210 ciusdem
1024 2149 1262 2212 archidioeeesis
1294 2149 1537 2211 oovvclonabatur
1559 2167 1607 2210 or·

380 2255 545 2318 tlvodoxam
569 2257 598 2317 iu
621 2255 762 2317 ominibus
785 2255 873 2316 tillem
903 2255 1061 2336 explicans
1094 2257 1321 2336 adlvortausque
1353 2256 1390 2317 ad
1420 2256 1605 2318 exercitium

273 2387 275 2394 ¹
380 2363 524 2424 virtutum
541 2363 708 2424 eluistiano
724 2363 846 2424 lvovuine
868 2363 1038 2440 dignarum.
1055 2364 1130 2424 litim
1147 2363 1289 2426 Coloniae
1312 2362 1498 2436 lucrabatur,
1518 2363 1607 2424 «En

378 2467 562 2530 cltim'elion·
590 2486 679 2531 suum
702 2468 798 2530 edidit
819 2469 916 2548 prima
933 2469 999 2530 viee
1014 2485 1093 2530 averto
1110 2473 1196 2542 1518,
1219 2469 1352 2531 secunda
1369 2485 1447 2531 anno
1464 2469 1607 2546 proxime

378 2576 534 2654 sevpveuti;
557 2576 628 2638 buia
651 2592 723 2637 vcro
745 2574 898 2637 secvnmne
921 2573 1045 2635 editioni
1068 2575 1180 2636 adiecit
1207 2576 1439 2638 ·Troctatnlum
1463 2576 1503 2647 de
1523 2573 1608 2637 notis

379 2680 530 2745 Ecclesiae
553 2700 611 2743 vino
634 2682 683 2743 die
707 2684 757 2744 vix
788 2682 903 2757 integro
932 2681 1114 2757 conlectum,
1136 2680 1372 2763 Methodomqne
1396 2679 1609 2762 praedicandi

381 2788 676 2851 concionatoribus»
705 2787 905 2850 utilissimam.
1272 2861 1273 2864 Ἴ
1423 2765 1433 2784 ’

460 2895 541 2957 llaec
563 2895 710 2974 opuscula
734 2895 841 2956 codem
863 2911 942 2956 anno
964 2902 1067 2956 secata
1091 2903 1135 2956 est
1163 2896 1300 2958 «Mortes
1325 2895 1528 2978 Eoenpelieoe
1557 2897 1610 2958 do·

379 2999 537 3073 ctrinae»,
561 3019 638 3082 opus
660 3001 885 3080 apologeticum
908 3018 1006 3081 aveque
1029 3019 1065 3064 ac
1096 3003 1264 3063 asceticam
1287 3003 1420 3064 dictione
1449 3003 1609 3078 elegantis·

378 3109 454 3170 sima
478 3108 678 3181 elaboratum,
701 3115 832 3170 atttamcn
855 3107 973 3170 cavillis
994 3108 1178 3188 probrisque
1208 3110 1237 3170 in
1267 3116 1427 3170 novatores
1457 3110 1610 3173 coniectis

380 3215 449 3295 plus
470 3231 569 3295 aequo
591 3217 745 3278 relevium.
767 3214 877 3276 addite
900 3223 944 3278 est
965 3216 1093 3295 pulchra
1124 3216 1284 3295 «Epistola
1315 3215 1354 3278 ad
1383 3216 1540 3278 Minoritas
1572 3218 1609 3280 de

378 3320 588 3384 emendatione
612 3321 689 3383 uitae
704 3349 730 3382 ι.

461 3430 617 3492 Donvinica
640 3432 670 3490 b·
692 3431 724 3509 (i.
746 3447 772 3492 c.
795 3430 845 3491 dic
876 3429 918 3508 8.)
949 3431 1073 3507 Augusti
1098 3434 1175 3492 laea
1207 3447 1222 3490 a
1251 3429 1390 3508 Capitale
1422 3432 1608 3509 provinciali

380 3544 537 3616 promotus
559 3544 605 3598 est
628 3535 823 3599 lievbovneus
846 3537 875 3598 in
897 3537 1067 3598 llinistrum
1090 3537 1267 3616 provinciae
1288 3535 1431 3599 Coloniae
1456 3537 1610 3616 reputaris

379 3642 592 3705 observantiae
624 3643 740 3704 ordinis
768 3644 927 3706 Minaeum.
961 3643 1165 3706 Nihilominus
1194 3651 1226 3705 ut
1253 3643 1418 3721 plurimum
1451 3644 1608 3708 residebat

380 3749 566 3829 Agrippinae
588 3749 731 3811 Coloniae
754 3752 782 3812 iu
805 3749 933 3813 aedibus
956 3750 1074 3812 loarvnis
1096 3751 1203 3825 iiinck,
1227 3751 1301 3812 iuris
1324 3751 1484 3831 utriusque
1499 3750 1609 3814 Docto

381 3859 431 3948 ris,
454 3857 533 3917 uude
572 3859 629 3916 «it
652 3873 746 3918 anonas
769 3856 858 3918 lvriiats
890 3860 996 3919 1519·
1030 3858 1196 3936 scripserat
1228 3857 1451 3919 dedicationem
1483 3857 1607 3921 Monadi

382 3963 559 4042 praelixam.

461 4069 603 4131 Coloniae
626 4085 698 4145 ergo
722 4071 861 4132 iuventus
884 4079 928 4132 est
950 4089 1029 4134 anuo
1052 4075 1130 4133 1550
1152 4071 1289 4133 anurnio
1312 4071 1534 4150 Episcoporum
1552 4073 1608 4134 Da·

381 4176 448 4236 uiate
472 4174 600 4256 Georpio
622 4175 777 4256 Samsinp,
799 4176 927 4239 Cauiore
961 4179 1167 4250 neritonensi,
1197 4193 1364 4257 eorvvmquc
1396 4178 1608 4242 invitationem

380 4290 503 4344 secutus
525 4299 627 4344 mense
651 4283 734 4345 iunio
757 4301 826 4345 cum
849 4283 918 4357 alio,
942 4291 974 4347 ut
996 4283 1154 4362 probabile
1178 4284 1307 4356 videtur,
1329 4285 1375 4346 sui
1405 4285 1521 4347 ordinis
1545 4302 1606 4348 mo·

380 4389 477 4450 vvacbo
502 4390 637 4452 Halniam
662 4391 816 4469 proiectus
847 4398 900 4452 cst.
934 4390 991 4452 Ubi
1026 4399 1186 4470 postquam
1209 4409 1224 4453 a
1248 4393 1274 4452 2.
1298 4392 1364 4453 luiii
1393 4409 1489 4472 vvsqvte
1516 4393 1553 4454 ad
1579 4397 1606 4454 1.

379 4497 505 4572 Augusti
528 4498 660 4559 conontiis
683 4499 712 4558 io
735 4499 855 4575 negotio
877 4497 1033 4576 religionis
1055 4498 1167 4562 liabitis
1190 4499 1323 4561 interluit
1348 4497 1547 4580 libellumque
1569 4499 1606 4561 de
