3378 5082
369 227 412 296 38
682 245 877 297 conrurarm
898 244 1130 295 nmnnnanrsur
1150 243 1268 294 namur.

368 390 426 439 uos
448 371 620 440 duodecim
650 369 754 459 elegii
783 369 842 438 Sed
875 369 914 437 ad
945 369 1102 456 quodnam
1132 387 1213 456 opus
1245 368 1328 456 apud
1364 369 1450 437 hune
1484 368 1599 455 ipsum

217 490 247 537 ιο.
262 491 296 546 ιι.
311 491 345 536 ιι.
367 477 596 564 Evangelistam
617 476 691 545 alihi
715 476 913 563 exprimens:
939 477 1019 562 ligo,
1050 475 1163 563 inquit,
1191 474 1356 563 elogium
1389 475 1429 542 de
1450 476 1598 554 muodo,
1668 495 1669 554 1

160 591 164 596 '
369 591 406 651 ut
428 583 512 651 eutis
533 590 563 651 et
584 581 737 670 fructum
760 579 923 672 offeretis,
953 582 1092 651 docendo
1125 582 1268 650 videlieet
1302 589 1334 651 et
1367 581 1594 668 praedicando.

368 690 483 758 Eleetio
505 697 610 759 autem
641 696 689 758 est
719 706 893 776 pannorum
923 707 943 756 a
976 688 1176 756 multitudine
1206 688 1370 774 separatio.
1395 688 1469 756 Tria
1492 706 1597 774 porro
1668 719 1669 728 .

367 797 501 885 reliqua,
525 805 561 865 ut
584 797 709 864 interim
733 795 897 881 complure
920 794 1185 882 Evangelistarum
1209 795 1276 862 toea
1299 794 1461 862 brevitatis
1484 795 1597 862 studio

368 911 573 990 praeteream,
597 904 627 971 in
651 903 768 991 quihus
791 903 908 971 mentio
932 903 967 970 ht
989 902 1168 982 vocationis,
1191 901 1395 970 institutionis
1428 919 1486 970 sen
1507 900 1595 970 desi·

367 1011 522 1098 gnationis
545 1018 577 1079 et
600 1009 756 1078 missionis
778 1009 996 1096 Apostolorum
1020 1017 1052 1077 et
1073 1008 1298 1094 discipulorum
1323 1008 1448 1088 Christi,
1476 1008 1596 1077 heatus

207 1128 296 1228 ηιξ.
313 1131 347 1178 ¹³.
368 1118 492 1186 llareus
523 1135 587 1184 uno
622 1116 689 1184 loeo
723 1116 818 1183 simul
849 1117 1034 1201 complexus
1057 1122 1115 1194 est,
1148 1133 1213 1201 quo
1242 1115 1311 1183 loeo
1334 1115 1365 1182 in
1389 1114 1467 1182 haee
1491 1115 1596 1182 verba

289 1215 295 1228 '
368 1223 495 1292 scribit:
520 1221 718 1302 Asoeudous,
741 1222 854 1310 inquit,
877 1222 963 1290 lesus
984 1221 1019 1290 iu
1054 1229 1194 1290 merrtem
1229 1221 1358 1289 uocauit
1381 1222 1427 1288 od
1448 1239 1483 1288 se
1506 1241 1596 1310 quos

367 1329 472 1398 uoluit
493 1330 573 1416 ipse,
596 1337 625 1396 et
646 1338 805 1396 venerumt
831 1329 878 1396 ud
903 1349 999 1408 eum,·
1021 1347 1092 1397 eece
1116 1328 1318 1396 vocationem.
1344 1329 1383 1396 lit
1404 1325 1482 1414 seuit
1505 1329 1596 1396 duo

366 1437 483 1514 decim,
507 1444 545 1502 ut
565 1444 669 1503 essent
690 1455 820 1503 seeum:
840 1453 879 1503 en
903 1435 1140 1504 institutionem.
1167 1436 1207 1502 ht
1228 1443 1265 1501 ut
1288 1435 1442 1503 omitteret
1463 1454 1519 1502 eoo
1546 1435 1597 1502 od

197 1555 349 1656 {md}
363 1542 655 1630 praedicundum:
679 1559 751 1610 enee
774 1542 962 1610 missionem.
985 1543 1022 1609 lt
1043 1560 1061 1610 e
1083 1541 1217 1621 diuerso,
1241 1541 1344 1610 seriha
1367 1541 1428 1620 ille,
1444 1541 1499 1627 qui
1525 1561 1596 1610 non

232 1639 267 1708 ir.
282 1641 340 1709 st’
366 1656 496 1717 vocatus
518 1669 537 1716 a
559 1649 683 1717 Christo
707 1650 793 1718 venit
825 1649 863 1717 ad
898 1668 982 1730 eum,
1006 1650 1091 1717 ultro
1115 1667 1148 1717 se
1172 1649 1276 1736 ipsum
1299 1649 1455 1735 ingerens,
1479 1651 1596 1736 repul-

366 1771 432 1824 sam
458 1773 569 1841 passus
591 1773 659 1824 esse
682 1756 793 1824 iertur.
819 1757 902 1824 Deus
924 1756 1007 1824 enim
1042 1756 1132 1823 iuxta
1166 1755 1345 1842 parabolam
1371 1755 1593 1841 Evangelicam

215 1875 291 1974 ¹²‘¹,¹,·
304 1877 338 1930 ιι.
367 1862 611 1950 haudquaquam
642 1863 700 1932 nisi
734 1863 850 1930 voeatis
882 1863 964 1930 dona
994 1881 1051 1931 sna
1083 1863 1272 1949 impartitur.
1298 1861 1472 1930 Matthaeus
1503 1863 1593 1930 enirn

288 1961 295 1976 '
366 1967 410 2036 ita
432 1969 543 2036 hahet:
569 1969 672 2036 Homo
695 1969 834 2059 quidum
865 1989 1002 2057 peregre
1031 1967 1243 2056 proficiscens
1272 1967 1401 2036 voravit
1422 1987 1536 2034 seruos
1562 1978 1593 2035 et

197 2090 249 2136 ιιι.
263 2089 297 2145 ιι,
308 2091 341 2136 ιι.
366 2076 507 2143 tradidit
528 2075 595 2144 iilis
617 2075 703 2144 boue
718 2096 793 2144 suu.
811 2077 908 2144 Lueas
923 2083 1047 2143 autem:
1071 2075 1210 2153 Voeotis,
1227 2075 1339 2163 inquit,
1355 2076 1462 2142 decem
1477 2076 1593 2143 sevis

364 2181 437 2248 auis
459 2182 548 2250 dedit
572 2183 619 2250 eis
641 2183 749 2250 decem
772 2183 893 2250 minos.
918 2183 997 2250 Num
1020 2181 1155 2268 denique
1189 2173 1238 2250 rel
1272 2200 1291 2248 a
1314 2181 1408 2248 Panlo
1430 2181 1590 2267 seriptum

202 2302 269 2350 ιιοιι.
283 2303 304 2358 ι.
320 2304 340 2350 ι.
364 2289 559 2369 meministis,
583 2289 701 2356 Paulini
725 2289 842 2358 seilicet
865 2289 1031 2375 Theologi:
1056 2287 1157 2356 Nemee
1191 2287 1345 2375 sibiipsi
1366 2296 1506 2374 usurpet
1529 2285 1591 2354 ho-

364 2413 489 2474 norem,
513 2395 570 2464 sed
591 2395 652 2484 qui
671 2404 812 2463 uocatur
835 2415 858 2462 a
875 2396 951 2475 heo,
967 2395 1245 2484 quemadmodum
1268 2401 1298 2462 et
1322 2397 1449 2461 Aaron.
1468 2394 1504 2460 Et
1527 2394 1589 2462 ite-

195 2515 257 2564 nm.
267 2517 300 2572 ιο,
312 2519 346 2565 ιι.
365 2519 455 2568 rum:
481 2503 659 2586 Quomodo,
683 2502 796 2588 inquit,
818 2501 1074 2588 prumlioohuot,
1097 2501 1166 2568 uisi
1195 2501 1293 2568 rumai
1320 2498 1471 2587 suerint?
1494 2501 1589 2586 Quod

364 2607 390 2676 si
415 2625 465 2676 res
488 2608 565 2676 adeo
589 2607 658 2676 vilis
680 2616 727 2676 est
751 2607 946 2694 praedicandi
970 2607 1108 2676 officium
1132 2616 1164 2676 et
1187 2607 1396 2676 ministerium
1412 2607 1499 2674 rerhi
1518 2607 1588 2686 Dei,

363 2721 399 2781 ut
422 2715 600 2801 promiscue
623 2715 769 2784 omnihus
792 2722 906 2801 pateat,
930 2733 988 2782 eur
1023 2721 1085 2782 tam
1117 2721 1262 2782 accurate
1292 2714 1406 2781 Paulus
1428 2713 1528 2782 terme
1553 2715 1588 2781 in

362 2819 564 2906 frontispiciis
586 2821 801 2907 epistolarum,
825 2837 858 2889 se
881 2821 1059 2906 Apostolum
1084 2821 1151 2890 lesu
1174 2820 1290 2889 Christi
1313 2819 1432 2899 scribit,
1455 2829 1487 2887 et
1513 2821 1588 2906 qui-

361 2926 433 2995 dem
457 2935 601 2994 rosatum
636 2927 675 2994 ed
707 2945 824 2994 munus
859 2927 1080 3014 apostolieum,
1102 2934 1134 2996 et
1166 2933 1364 3014 segregatum
1389 2927 1419 2993 in
1445 2927 1587 3013 Evange-

362 3033 439 3100 lium
463 3034 529 3113 Dei,
553 3053 614 3101 non
638 3034 678 3102 ah
702 3034 827 3101 homine
851 3052 953 3120 neque
976 3051 1033 3120 per
1055 3035 1223 3115 hominem,
1247 3033 1302 3102 sed
1318 3051 1375 3120 per
1396 3033 1497 3101 lesum
1513 3030 1587 3118 (11)

361 3139 532 3220 Christum,
555 3148 587 3208 et
609 3141 710 3208 Deum
734 3149 865 3226 patrem,
889 3141 954 3209 sive
987 3159 1044 3227 per
1074 3140 1265 3209 voluntatem
1296 3140 1362 3220 Dei,
1394 3141 1460 3208 sire
1490 3140 1586 3207 iuxta

360 3245 584 3332 delegationem
608 3247 662 3315 liei
686 3255 718 3314 et
740 3246 810 3315 lesu
832 3247 973 3314 Christit
996 3248 1060 3314 Cur
1083 3247 1174 3315 toties
1196 3247 1278 3314 inter
1301 3246 1501 3314 scribendum
1525 3263 1586 3314 ex-

360 3352 514 3438 spatiatur
537 3353 575 3419 ad
598 3353 801 3439 Apostolieam
826 3353 884 3421 sihi
907 3353 1126 3421 auctoritatem
1162 3352 1375 3420 vindicandam
1399 3370 1472 3419 enm
1495 3351 1584 3432 alibi,

360 3465 428 3526 tum
451 3459 589 3528 maxime
613 3461 643 3526 in
670 3459 842 3546 posteriore
864 3459 902 3527 ad
926 3459 1104 3526 Corinthios
1127 3459 1258 3546 epistola
1279 3469 1311 3527 et
1333 3458 1372 3525 ad
1396 3459 1519 3526 Galatas
1537 3468 1584 3526 tot

359 3566 554 3650 argumentis
577 3566 658 3633 hane
680 3567 712 3633 in
738 3583 804 3634 rern
827 3565 991 3633 adductis?
1015 3565 1079 3632 Cur
1114 3573 1177 3633 tam
1208 3565 1324 3633 aeriter
1348 3565 1526 3633 Corinthios
1550 3573 1584 3633 et

359 3669 481 3739 Galatas
503 3672 659 3759 obiurgat,
684 3672 768 3759 quod
792 3679 863 3758 post
884 3679 1042 3757 aeoeptam
1067 3691 1086 3738 a
1108 3689 1141 3740 se
1175 3672 1268 3739 fidem
1303 3671 1583 3757 pseudoapostolos

358 3775 577 3845 admisissentt
599 3778 714 3846 contra
738 3797 812 3846 vero
848 3778 1059 3863 Philippenses
1087 3784 1119 3845 et
1148 3777 1344 3846 colossenses
1368 3778 1462 3845 tantis
1490 3777 1583 3846 ehert

359 3883 514 3964 laudibus,
537 3885 622 3970 quod
657 3903 711 3952 eos
740 3903 802 3952 non
839 3884 1052 3969 recepissent?
1073 3884 1153 3969 Quid
1178 3885 1306 3952 multist
1330 3884 1581 3970 interpretamini

358 3991 398 4075 (si
421 3997 526 4058 tamen
540 3991 691 4077 potestis)
715 3992 774 4059 ista
795 3992 913 4078 quihus
936 3997 1097 4077 tantopere
1120 3991 1307 4077 gloriamini,
1330 3991 1456 4059 nomina
1480 3991 1578 4060 Eran-

357 4097 485 4184 gelistae
506 4105 539 4165 et
561 4099 706 4184 aposmtt,
729 4117 767 4165 an
792 4115 853 4163 non
877 4103 1051 4184 utrumque
1074 4097 1174 4165 nuntii
1198 4105 1230 4165 et
1259 4098 1351 4184 legati
1383 4097 1580 4184 significatio

357 4221 428 4271 nem
452 4222 563 4289 graeca
597 4205 717 4291 origine
752 4209 860 4272 tenett
884 4202 941 4271 Sed
976 4204 1068 4272 euius
1102 4222 1157 4272 ros
1187 4204 1311 4272 tandem
1347 4205 1422 4274 estis
1449 4205 1579 4272 nuntii?

200 4288 330 4388 miii}
357 4309 449 4378 euius
472 4311 586 4396 legatit
608 4330 628 4378 a
650 4329 714 4397 quo
736 4310 849 4379 eleetit
872 4328 891 4376 a
913 4329 977 4396 quo
1000 4310 1123 4378 voeatit
1145 4330 1164 4377 a
1187 4330 1251 4397 quo
1272 4311 1448 4398 designati?
1470 4331 1489 4379 a
1512 4331 1578 4399 quo

214 4395 322 4494 mua?
356 4415 492 4504 denique
514 4417 624 4486 missi?
647 4419 683 4483 tlt
705 4436 724 4483 a
747 4417 820 4496 Deo,
845 4416 1002 4502 inquietis,
1025 4417 1117 4485 euius
1139 4417 1253 4504 spiritu
1276 4419 1339 4486 hue
1366 4419 1522 4505 agitamur
1546 4428 1578 4488 et
