3384 5082
335 234 399 301 aad
648 252 844 302 eounuramo
867 253 1098 302 numnnamsur
1120 253 1237 300 nautea.

334 395 450 463 eorpus
472 385 503 446 et
526 377 708 464 sanguinem
736 377 927 445 dominicum
961 395 1021 444 non
1047 377 1162 444 liabent
1178 379 1201 457 ¹,
1225 376 1487 463 quemadmodum
1532 381 1577 442 et
1672 359 1673 454 l

334 484 423 570 prius
445 491 606 552 ostensum
628 491 677 552 est
698 491 730 552 et
753 483 845 551 modo
869 485 1045 570 repetitum.
1062 522 1107 534 —
1122 485 1218 551 Porro
1241 501 1302 550 non
1325 489 1373 550 est
1394 501 1450 569 par
1472 481 1579 548 ratio
1672 485 1673 578 J

333 590 372 657 de
394 591 546 676 apostolis
568 589 791 677 discipulisque
819 590 945 658 Christi.
969 591 1003 657 lli
1034 591 1116 658 enim
1149 597 1331 676 potestatem
1355 589 1473 656 ordinis
1506 606 1575 654 sa-

334 696 499 764 eerdotalis
521 715 539 763 a
562 697 686 764 Christo
710 697 855 784 proxime
878 705 1038 766 sumentes
1064 706 1096 765 et
1119 697 1159 765 ab
1189 698 1257 782 ipso
1280 697 1457 764 sacerdotes
1478 713 1571 763 eou-

334 803 446 871 seerati
470 821 543 871 rere
566 822 682 890 eorpus
697 811 729 872 et
744 805 927 890 sangiunem
942 805 1132 872 dominicum
1154 804 1339 871 eonlieere*
1364 809 1572 888 potuerunt;

335 909 450 976 idcireo
474 911 505 976 ni
530 911 679 996 populum
695 911 733 976 ad
750 910 955 978 idololatriam
974 911 1100 978 minime
1120 909 1325 978 induxerunt.
1349 909 1408 976 Sed
1432 916 1569 995 postea—

335 1034 429 1102 quam
453 1016 596 1084 Cliristus
620 1017 711 1084 iuxta
739 1017 939 1084 hominema
969 1017 1086 1084 mundo
1116 1016 1208 1085 rediit
1238 1017 1276 1083 ad
1307 1024 1440 1102 patrem,
1474 1015 1570 1080 hane

335 1121 534 1190 consecrandi
559 1121 734 1190 saeerdoles
749 1131 932 1209 potestatem
956 1123 1107 1208 Apostolis
1128 1141 1303 1208 eorumque
1318 1120 1569 1190 suecessoribus

166 1243 266 1296 enom.
283 1245 316 1289 1⁹.
335 1229 493 1314 Episcopis
516 1247 573 1296 eeu
599 1230 722 1296 vicariis
750 1230 887 1316 reliquit,
911 1229 1058 1296 nimirum
1089 1229 1215 1316 qnando
1238 1229 1337 1296 dixit:
1363 1228 1431 1296 Hoc
1453 1224 1572 1313 sorite

335 1335 372 1401 in
393 1335 458 1400 mei
479 1336 828 1402 communerationem.
853 1336 892 1402 Ut
906 1342 1011 1402 autem
1027 1353 1084 1403 nus
1099 1353 1140 1403 ex
1166 1335 1329 1421 Evangelio
1352 1335 1470 1419 scripto
1486 1351 1569 1418 pro—

336 1442 411 1509 bare
436 1442 611 1527 nequimus,
635 1443 795 1527 Apostolos
818 1442 913 1510 luisse
937 1461 1023 1510 rasos
1046 1451 1077 1510 et
1105 1449 1225 1521 unetos,
1250 1442 1368 1510 interea
1401 1457 1569 1507 veronus

337 1548 489 1616 Ecclesiae
511 1548 680 1615 catholicae
703 1549 919 1616 alletoritatem
944 1556 975 1616 et
1001 1549 1258 1616 consuetudinem
1282 1566 1354 1615 enm
1379 1547 1477 1613 verbo
1501 1545 1564 1612 llei

337 1673 397 1722 non
423 1662 612 1740 pugnantem
637 1673 695 1740 pro
727 1655 816 1722 nohis
844 1655 1006 1722 habemus.
1039 1655 1097 1723 Sed
1128 1663 1165 1722 ul
1192 1662 1229 1722 ut
1252 1655 1302 1733 sit,
1326 1654 1365 1721 ad
1398 1671 1464 1720 rem
1493 1669 1568 1719 non

338 1779 526 1848 magnopere
549 1762 694 1846 pertinet,
717 1762 742 1828 si
765 1761 902 1848 quidem,
927 1769 962 1828 ut
985 1762 1044 1830 sub
1067 1761 1200 1830 articulo
1223 1761 1327 1828 lllV.⁸
1351 1759 1469 1828 dietum
1498 1765 1568 1836 est,

337 1887 448 1936 rasura
470 1875 502 1935 et
526 1868 630 1935 nnetio
654 1887 715 1934 non
739 1868 776 1934 ad
801 1867 898 1953 ipsam
915 1869 1099 1935 sacramenti
1123 1867 1242 1935 ordinis
1264 1867 1471 1935 substantiam
1489 1882 1570 1950 per-

337 1976 446 2054 tinent,
470 1984 502 2040 at
524 1975 624 2042 solum
649 1975 686 2042 ad
710 1974 854 2042 deeorem
870 1983 902 2042 et
924 1981 1080 2042 ornatum.
1098 1973 1228 2042 Proinde
1243 1975 1329 2042 ultro
1345 1971 1567 2049 concedimus,

338 2099 479 2148 rasuram
503 2089 534 2148 el
556 2081 659 2148 oleum
684 2081 903 2148 nihilomnino
926 2081 1028 2148 lacere
1043 2079 1081 2148 ad
1106 2081 1312 2148 instituendos
1330 2079 1483 2147 Ecclesiae
1500 2078 1564 2144 mi·
1672 2157 1673 2160 Ἴ

336 2189 461 2266 nistros,
477 2187 585 2254 autad
603 2187 785 2273 mysterium
802 2188 988 2256 sacramenti
1007 2186 1218 2255 Eucharistiae
1235 2205 1308 2254 rere
1324 2185 1539 2272 peragendum
1553 2209 1566 2262 ;
1672 2191 1673 2248 1

336 2303 473 2360 attamen
499 2295 643 2379 mysticas
666 2293 816 2380 quasdam
840 2303 871 2361 et
896 2293 1060 2360 rationales
1089 2311 1156 2361 esse
1183 2293 1376 2361 ceremonias
1399 2298 1430 2359 et
1453 2308 1565 2359 saera-
1672 2293 1673 2340 l

338 2407 478 2468 mentum
501 2399 619 2468 ordinis
642 2401 889 2480 eollonestantes
913 2407 944 2467 et
966 2401 1159 2485 spiritualem
1185 2399 1281 2486 ipsius
1308 2399 1453 2466 ellectum
1476 2397 1565 2464 desi-

337 2515 476 2592 gnantes.
501 2507 584 2592 Quas
607 2508 662 2574 etsi
687 2507 813 2592 quidem
838 2525 878 2574 ex
902 2507 999 2574 solida
1022 2507 1180 2591 scriptura
1201 2507 1416 2573 demonstrare
1446 2503 1568 2589 nequi-

273 2635 278 2644 ·
339 2631 419 2691 mus,
444 2621 544 2679 tamen
569 2631 609 2679 ex
634 2613 799 2681 traditione
829 2613 1046 2698 apostolorum
1071 2631 1223 2692 rnanasse,
1246 2609 1337 2696 (220)
1361 2611 1421 2680 snb
1448 2611 1565 2678 eodem

337 2720 470 2786 artieulo
493 2719 567 2786 lllV.
596 2719 770 2786 docuimus.
802 2721 946 2786 Christus
976 2720 1058 2786 enim
1091 2719 1156 2804 ipse
1186 2727 1381 2787 sacramenta
1411 2717 1567 2797 instituit,

337 2826 573 2893 sacramentalia
590 2845 664 2894 vero
680 2826 809 2912 spiritus
825 2827 922 2894 saneti
939 2827 1118 2912 magisterio
1135 2826 1270 2912 reliquit.
1287 2825 1444 2904 Ceterum,
1462 2843 1565 2910 quam

339 2934 378 2998 sit
402 2933 563 3000 imbecillis
587 2941 676 3000 vetus
700 2934 758 3000 ista
780 2935 1010 3014 haeretieorum
1035 2932 1275 3018 argumentatio,
1299 2951 1362 3018 qua
1396 2931 1566 3016 colligunt,

339 3058 399 3106 non
424 3057 502 3118 esse,
525 3041 675 3126 quiequid
697 3057 847 3125 expresse
869 3040 1021 3125 seriptum
1046 3058 1108 3106 non
1131 3040 1236 3117 luerit,
1253 3047 1284 3106 et
1308 3040 1337 3105 in
1363 3038 1465 3124 primo
1488 3055 1569 3105 eon-

339 3165 449 3234 gressu
473 3147 596 3232 copiose
619 3146 788 3214 deductum
812 3155 860 3214 est
882 3155 913 3214 et
929 3146 1053 3214 interim
1070 3146 1235 3232 aliquoties
1259 3145 1426 3231 repetitum
1443 3145 1468 3208 ³.

428 3253 517 3337 Quod
539 3253 674 3338 denique
696 3253 847 3320 adversus
880 3253 959 3320 hane
990 3258 1213 3319 nostrumnon
1246 3251 1401 3330 haeresin,
1426 3251 1472 3317 uti
1504 3269 1570 3318 ros

341 3359 524 3437 ineolimini,
547 3359 601 3424 sed
626 3359 776 3426 Ecclesiae
800 3360 968 3426 catholicae
993 3359 1154 3426 veritatem
1180 3357 1269 3426 nobis
1293 3357 1452 3424 retinemini
1485 3356 1567 3424 olim

339 3466 479 3551 dignum,
502 3465 539 3532 de
568 3483 602 3532 re
626 3466 742 3532 scilieet
772 3465 994 3552 indignissima,
1019 3466 1182 3532 uolumen:
1209 3465 1392 3550 parturiunt
1426 3471 1569 3540 montes,

403 3599 413 3619 ⁶
430 3597 543 3646 conferre.

411 3821 419 3851 ¹
441 3824 524 3880 Euelr.
544 3837 566 3876 e.
589 3823 628 3876 17.
647 3826 668 3877 G
688 3825 716 3876 5:
737 3825 824 3890 ltaque
842 3823 966 3890 quamvis
984 3837 1035 3876 non
1060 3823 1110 3876 sint
1128 3823 1209 3876 saeris
1228 3821 1408 3877 ministrandis
1432 3821 1569 3888 deputati,

341 3917 410 3966 natue
427 3913 506 3966 ritum
525 3919 657 3966 attentent.
677 3913 734 3979 ero
754 3912 789 3978 llt,
809 3917 837 3964 ut
854 3912 916 3964 nihil
936 3911 1043 3976 prorsus
1061 3921 1149 3978 agunt,
1168 3911 1216 3965 sed
1232 3912 1335 3965 rideant
1354 3917 1379 3963 et
1397 3907 1569 3965 subsannent

340 4003 428 4067 potius
447 4003 530 4055 Deum
549 4002 573 4054 in
593 4001 647 4054 suis
665 4001 779 4066 eriptieis
797 4000 1012 4054 conventiculis...
1024 4003 1121 4068 ltaque,
1134 4013 1260 4068 quorsum
1274 4013 1402 4067 quorsum
1421 4005 1447 4052 te
1465 4005 1568 4064 vertas,

340 4091 512 4158 quantumvis
529 4091 565 4143 sis
582 4089 706 4160 polypus,
726 4103 776 4142 non
795 4089 894 4152 evadis,
913 4103 966 4141 non
979 4087 1098 4154 elaberis,
1111 4089 1193 4142 immo
1207 4089 1268 4141 ninii
1286 4088 1376 4154 ellleis,
1395 4089 1481 4141 solum
1499 4101 1568 4140 reu·

342 4162 396 4233 tum
416 4179 550 4245 verberas,
569 4180 652 4232 Deum
678 4179 851 4246 hominesque
873 4179 952 4241 rides,
976 4179 1040 4247 quin
1064 4177 1235 4234 idololatriae
1259 4179 1358 4232 crimen
1384 4177 1509 4240 admittis,
1537 4185 1568 4230 te

341 4271 457 4337 aliosque
477 4269 574 4335 perdis,
593 4269 639 4334 qui
659 4275 718 4321 tuae
737 4268 863 4336 perlldiae
881 4281 974 4320 manus
993 4268 1131 4321 dederunt.

412 4356 423 4385 ³
443 4361 525 4423 Supra
548 4357 607 4410 l8l.
954 4355 956 4364 '

413 4445 423 4473 ³
442 4447 484 4501 tt.
503 4445 594 4500 aaut.
