3364 5092
339 228 381 293 lta
654 245 850 293 consummo
871 245 1105 293 unmananrsnn
1127 245 1245 292 nanrcr.

338 377 368 434 et
393 365 671 448 Pltnrtaoeornm,
695 388 762 435 non
784 367 955 436 intrabitis
978 375 1063 436 etc‘t
1087 366 1155 452 (55)
1179 369 1256 454 Quis
1272 367 1345 436 item
1369 385 1431 435 non
1448 367 1577 436 audiuit

180 489 232 535 me.
247 487 280 541 ιι,
295 488 316 533 ¹.
340 472 454 541 ibidem
479 474 538 540 hoc
561 474 701 542 eiusdem
718 473 757 541 ad
781 491 873 541 snos:
891 474 1054 542 Attendite
1069 493 1093 540 u
1108 472 1269 560 fermento
1286 470 1576 552 pharmacorum,

339 579 428 669 qood
449 590 496 646 ert
518 577 730 668 hypocrism?
753 580 830 666 Quis
855 580 968 648 ibidem
1000 598 1062 647 non
1094 579 1215 647 audivit
1247 580 1459 666 hposmlicum
1492 579 1575 646 illud

169 701 320 754 too-tat·
339 687 502 754 charitatis
525 687 720 754 encomium:
746 685 784 754 Si
806 687 933 774 linquis
963 683 1135 754 hominnm
1159 685 1280 774 loquar·
1302 696 1331 753 ct
1358 685 1576 772 anpeloinm,

337 790 537 859 charitatem
560 801 673 859 autem
695 811 763 858 uon
786 789 938 870 habeam,
954 789 1069 879 scetus
1083 811 1160 858 sum
1184 791 1270 858 velut
1286 812 1342 858 aes
1364 811 1492 858 conans
1506 801 1578 858 ortt

338 898 528 986 cymbalum
553 898 721 965 tinniens?
743 906 776 965 et
798 917 880 984 quae
904 907 1083 984 sequuntur
1099 897 1207 964 eodem
1224 898 1422 984 pertinentia.
1444 897 1577 983 Quibus

338 1003 517 1083 edocemur,
541 1022 603 1070 non
627 1004 729 1070 solum
753 1022 848 1090 opera
872 1013 981 1072 nostra
1003 1003 1118 1083 omnia,
1141 1003 1195 1071 sed
1219 1003 1312 1071 etiam
1335 1005 1396 1072 alia
1420 1005 1576 1072 universa

340 1110 392 1177 liei
417 1111 608 1178 charismata
631 1109 710 1178 citra
726 1111 911 1178 charitatem
929 1128 997 1178 esse
1014 1110 1101 1177 nihil.
1120 1147 1159 1158 -
1178 1111 1320 1197 Denique
1336 1112 1361 1178 si
1379 1129 1440 1178 non
1457 1120 1576 1197 aperto

339 1215 500 1284 mendacio
523 1217 575 1283 hic
597 1224 730 1284 matrem
754 1217 920 1284 Ecclesiam
938 1217 1184 1296 calumniamini,
1207 1216 1363 1284 defendite
1379 1235 1445 1296 ros,
1469 1235 1575 1284 excu-

338 1329 404 1390 sate
427 1323 557 1401 dictum,
580 1322 652 1390 date
676 1325 724 1390 rel
756 1341 798 1390 ex
828 1322 976 1390 omnibus
1007 1341 1120 1400 unum,
1151 1340 1213 1389 non
1244 1323 1337 1390 modo
1371 1323 1484 1408 priscis
1509 1323 1576 1389 illis

340 1429 492 1496 Ecclesiae
516 1435 641 1495 nostrae
664 1429 856 1509 doctoribus,
881 1447 992 1498 rernm
1016 1429 1109 1496 etiam
1133 1447 1174 1496 en
1197 1429 1245 1496 his
1260 1447 1341 1515 quos
1364 1430 1572 1514 contemptim

339 1535 558 1602 sententiarios
580 1542 612 1601 et
627 1535 829 1602 scholasticos
851 1536 1010 1620 appellare
1026 1535 1141 1614 soletis,
1157 1535 1273 1621 alioqui
1291 1553 1393 1621 neque
1410 1535 1494 1602 risos
1509 1553 1575 1601 un-

339 1659 446 1727 quam,
471 1659 574 1726 neque
598 1642 694 1708 lecms
716 1661 734 1708 a
760 1641 857 1721 vobis,
882 1639 1030 1708 nedum*
1054 1641 1237 1721 intellectos,
1254 1641 1307 1728 qui
1325 1642 1416 1708 aliter
1438 1641 1576 1727 scripse·

341 1747 392 1826 rit,
415 1748 506 1814 aliter
528 1747 682 1828 docuerit,
706 1756 762 1814 arrt
777 1748 869 1816 aliter
893 1747 1129 1834 praedicaverit.
1153 1783 1195 1798 —
1221 1748 1279 1814 Sed
1305 1748 1428 1816 interim
1445 1747 1574 1827 demus,

340 1860 376 1921 ut
400 1853 535 1922 Ecclesia
560 1861 668 1920 nostra
691 1861 755 1921 tota
786 1854 826 1921 sit
851 1855 1055 1939 hypocritica,
1078 1855 1141 1921 imo
1165 1853 1341 1940 hypocrisis
1364 1854 1441 1940 ipsa,
1472 1855 1498 1921 si
1524 1854 1575 1920 vi-

339 1959 476 2040 debitur,
499 1969 595 2046 atque
619 1959 787 2039 simulatio,
811 1960 851 2028 sit
874 1960 985 2026 deinde
1001 1960 1141 2027 omnium
1158 1961 1313 2027 scelerum
1329 1968 1361 2028 et
1376 1959 1574 2046 flagitiorum

339 2083 454 2152 genere
476 2073 597 2150 operta,
622 2066 716 2152 idque
734 2066 763 2132 in
782 2066 932 2133 membris
947 2066 1113 2144 omnibus;
1138 2083 1213 2133 num
1232 2073 1398 2152 propterea
1414 2065 1458 2150 lid
1482 2065 1573 2152 quod

340 2189 405 2251 vos,
431 2171 574 2256 vipereae
597 2173 712 2257 proles,
737 2171 828 2238 matri
854 2171 1007 2239 Ecclesiae
1031 2172 1215 2258 impingitis)
1240 2189 1402 2258 nunquam
1430 2190 1494 2238 nou
1520 2189 1574 2239 er-

340 2285 413 2344 ratl
434 2277 521 2362 Quis,
545 2279 644 2345 Deum
671 2279 879 2345 immortalem
899 2281 922 2357 ¹,
954 2279 1012 2346 hoc
1043 2278 1160 2345 dixerit
1192 2296 1332 2364 unquam
1363 2278 1402 2346 de
1430 2278 1574 2345 Ethnicis

340 2384 456 2452 aut-de
480 2384 600 2451 ludaeis
622 2392 678 2451 aut
700 2385 739 2451 de
763 2383 929 2452 haereticis
959 2391 1015 2453 aut
1045 2383 1084 2451 de
1115 2384 1322 2452 schismaticis
1352 2393 1408 2453 aut
1434 2384 1474 2451 de
1497 2385 1574 2470 qui-

340 2490 477 2560 buslibet
499 2510 518 2557 a
540 2490 654 2558 Christi
681 2492 805 2557 nomine
828 2491 1036 2570 alienissimis,
1061 2491 1144 2576 quod
1170 2509 1293 2576 semper
1309 2498 1340 2558 et
1365 2491 1394 2557 iu
1418 2492 1573 2558 omnibus
1655 2573 1656 2580 ἵ

340 2598 528 2678 erraverint,
552 2598 677 2684 quando
702 2599 754 2664 vel
773 2599 905 2683 gentiles
928 2599 1043 2684 alloqui
1069 2606 1125 2664 aut
1157 2597 1297 2664 infideles
1328 2617 1346 2664 a
1369 2598 1495 2664 Christo
1522 2615 1573 2665 re·

341 2705 502 2772 molissimi
528 2705 663 2790 plurima
689 2712 773 2772 recte
795 2723 832 2772 ac
856 2723 929 2772 rere
945 2706 1061 2789 scripta
1086 2704 1282 2790 reliquerint,
1303 2704 1570 2790 quemadmodum

341 2811 371 2877 in
397 2811 500 2897 primo
516 2830 686 2896 congressu
704 2813 722 2852 ²*
738 2812 940 2878 ostendimus.
967 2812 1083 2878 Verum
1102 2813 1174 2897 quis
1189 2811 1255 2879 loca
1280 2830 1335 2898 per
1353 2830 1408 2878 ros
1431 2811 1494 2878 huc
1517 2811 1572 2878 ad-

339 2916 434 2984 ducta
458 2937 518 2984 non
545 2919 611 2984 risu
628 2918 731 3002 potins
748 2917 903 2997 exsibilet,
920 2936 1015 3003 quarn
1034 2935 1184 3003 responso
1198 2917 1347 3003 dignetur
1362 2953 1404 2968 —
1422 2918 1446 2984 si
1465 2926 1571 2985 tamen

341 3023 490 3090 irridendi
516 3024 583 3090 sitis
606 3033 641 3090 ut
665 3025 763 3102 stulti,
787 3043 823 3090 ac
848 3042 908 3090 non
934 3025 1038 3110 potius
1062 3032 1096 3090 ut
1121 3024 1226 3091 miseri
1251 3024 1496 3109 deplorandi-
1520 3033 1572 3092 ut·

342 3138 412 3215 pote
436 3131 514 3197 nihil
540 3130 643 3197 minus
666 3149 762 3216 qoam
786 3131 823 3197 ad
857 3131 1035 3197 institutum
1060 3139 1202 3198 uestrum
1227 3130 1394 3198 faciendae
1419 3169 1460 3179 -
1491 3131 1570 3197 Nam

341 3235 372 3302 in
397 3237 509 3322 primo,
533 3237 586 3322 qni
611 3245 658 3304 est
683 3236 748 3303 Esa.
774 3239 828 3316 ς28,
851 3236 998 3304 dominus
1020 3237 1121 3322 carpit
1144 3243 1176 3304 et
1198 3237 1345 3324 obiurgat
1361 3238 1392 3304 in
1409 3238 1573 3306 veteribus

342 3342 402 3408 illis
426 3343 575 3409 llosaicae
600 3343 675 3428 legis
706 3343 922 3410 sacerdotibus
952 3343 1135 3410 ebrietatem
1167 3350 1262 3429 atque
1294 3343 1437 3411 comitem
1472 3346 1571 3412 huius

341 3449 567 3536 ignorantiam
591 3457 624 3516 at
646 3449 720 3536 quid
747 3451 806 3516 hoc
837 3449 875 3516 ad
909 3449 1075 3516 Ecclesiam
1108 3456 1271 3517 nostram?
1303 3451 1361 3517 Sed
1385 3451 1439 3536 qui
1463 3437 1571 3520 ¹vester
1655 3493 1656 3544 q

342 3573 409 3623 mos
432 3564 479 3623 est
508 3565 691 3641 perpetuus,
722 3557 826 3623 omnia
858 3556 1037 3624 huiusmodi
1069 3557 1245 3641 scripturae
1278 3557 1343 3624 loca
1367 3557 1398 3625 in
1421 3558 1571 3644 antiquae
1655 3569 1656 3574 ’

342 3663 418 3748 legis
442 3663 632 3742 sacerdotes
654 3663 778 3730 Scribas
817 3673 847 3730 et
880 3663 1061 3729 Pharisaeos
1091 3663 1203 3731 acerbe
1234 3664 1344 3744 dicta„
1359 3665 1390 3730 in
1417 3665 1571 3732 Ecclesiae
1655 3693 1656 3726 l

404 3795 414 3816 “
432 3795 476 3842 Hic
492 3795 598 3843 additum
615 3795 704 3854 legitur
724 3811 793 3844 «uon
805 3815 828 3844 ».

413 4073 422 4104 ¹
442 4073 480 4129 Ct.
499 4075 562 4129 Not.
583 4075 602 4127 h
623 4073 675 4127 db:
693 4073 788 4127 Contra
807 4075 924 4127 adultera
939 4075 1130 4128 haereticorum
1145 4076 1266 4139 Ecclesia,
1279 4076 1366 4129 Deum
1379 4075 1569 4140 immortalem,

342 4178 422 4232 quarn
442 4178 547 4229 semper
566 4171 604 4218 est
624 4161 750 4216 instabilis
769 4169 795 4215 et
823 4163 923 4215 varia...
942 4165 971 4216 Et
990 4165 1006 4215 S
1027 4163 1077 4216 lb:
1097 4165 1147 4231 Qui
1166 4173 1237 4218 extra
1261 4171 1322 4218 sunt
1346 4179 1443 4230 corpus
1467 4164 1568 4226 Christi,
1655 4165 1656 4206 l

342 4253 428 4307 Deum
447 4251 637 4318 immortalem,
651 4266 731 4320 quam
751 4252 915 4304 contundunt
933 4253 1048 4308 omnia...
1070 4253 1139 4306 ldem
1160 4255 1273 4306 occurrit
1292 4253 1318 4306 in
1338 4252 1453 4308 Monude
1478 4257 1498 4307 Α
1519 4253 1568 4315 lb,

343 4343 363 4394 ll
386 4343 410 4407 E,
430 4343 457 4394 Ρ.
477 4369 512 4382 -
531 4343 560 4395 Et
579 4345 628 4394 hoc
647 4343 674 4393 ln
694 4353 775 4407 opere
793 4341 871 4393 etlam
892 4355 937 4406 pp.
958 4341 1011 4407 (ll.
1032 4343 1074 4394 88.
1096 4343 1165 4409 tta).

414 4428 425 4462 ¹
445 4432 528 4496 Supra
549 4431 592 4484 68.
611 4431 655 4483 69.
