3364 5092
369 215 410 280 6⁶.)
683 232 879 281 consorano
902 233 1134 280 curncunnrsnr
1158 235 1275 281 666666.

368 365 513 424 extrema
535 357 573 424 ad
597 375 672 424 suos
694 357 835 423 oratione
858 365 920 423 tam
945 358 1054 424 sedulo
1076 357 1122 424 eis
1145 359 1347 443 promissum,
1370 359 1420 425 die
1454 366 1533 443 post
1563 377 1619 424 re-

369 464 596 530 surrectionem
621 481 709 530 suam
734 463 1006 550 quinquagesimo,
1031 464 1061 529 in
1079 463 1193 548 linguis
1217 464 1314 549 igneis
1339 464 1440 550 palam
1464 465 1619 531 coelitus

369 570 472 637 emisit
493 579 589 655 atque
612 570 776 655 praestitit.
802 570 863 636 lloc
885 579 990 637 autem
1014 587 1117 648 omne,
1140 571 1289 656 quicquid
1316 570 1345 636 id
1368 578 1425 648 est,
1442 570 1536 656 quod
1562 589 1619 636 sa-

369 676 431 742 cris
456 677 622 761 utriusque
647 677 820 741 testamenti
855 675 975 760 paginis
1002 675 1212 754 concluditur,
1240 677 1430 761 scripturam
1456 695 1517 762 per
1553 695 1619 743 es-

369 782 544 850 cellantiam
569 783 727 868 appellare
750 784 898 860 solemus,
922 783 1050 866 perinde
1073 801 1108 848 ac
1132 783 1269 849 Tullium
1293 791 1450 850 oratorem
1471 793 1505 849 et
1536 784 1619 849 l'ir-

369 889 479 974 gilium
505 892 636 974 poetam

459 997 516 1062 Sed
541 997 623 1063 enim
648 995 773 1080 qrrando
796 995 941 1080 spiritum
967 1001 1108 1062 sanctum
1127 997 1279 1081 Apostolis
1296 997 1484 1081 promissum
1502 1005 1617 1081 atque

211 1103 1617 1295 661111111111111111111.111111111111111

371 1317 447 1383 lium
472 1315 698 1400 praedicarent,
723 1315 874 1400 populum
898 1315 1046 1381 docerent
1062 1323 1156 1400 atoue
1175 1315 1339 1382 Ecclesiam
1362 1315 1416 1382 liei
1435 1325 1615 1401 regerent;

370 1423 442 1509 quis
464 1421 601 1506 ambigat
626 1420 722 1487 nihilo
746 1438 837 1487 secus
859 1439 878 1486 a
901 1420 1015 1506 spiritu
1050 1428 1157 1486 sancto
1179 1420 1316 1488 directos
1346 1439 1414 1488 esse
1437 1421 1616 1506 Apostolos

371 1530 401 1594 io
426 1529 464 1594 iis
487 1546 568 1613 qnae
591 1545 696 1594 coram
721 1527 791 1594 riva
816 1545 890 1594 voce
913 1527 950 1592 ad
983 1528 1152 1594 salutarem
1178 1526 1330 1594 Ecclesiae
1354 1527 1613 1594 moderationem

373 1635 569 1702 tradiderunt
592 1643 688 1720 atque
712 1641 901 1712 statuerunt,
925 1652 1020 1719 qiram
1047 1634 1076 1700 in
1109 1633 1157 1712 iis,
1181 1653 1262 1720 arrae
1286 1633 1458 1720 posteritati
1484 1635 1615 1719 scripta

231 1723 326 1855 elaten
372 1741 539 1826 reliquere.
564 1742 640 1825 Quis
664 1757 739 1826 ergo
763 1741 857 1807 simul
880 1739 1051 1818 addubitet,
1087 1759 1147 1807 non
1184 1741 1383 1807 minuslidei
1419 1741 1612 1808 habendum

203 1810 269 1856 multa
283 1811 349 1856 tradi·

202 1865 349 1962 clinamen
372 1848 553 1933 Apostolicis
576 1847 795 1914 traditionibus
818 1853 849 1913 et
872 1847 1006 1913 decretis
1029 1853 1123 1932 (atrae
1152 1847 1246 1914 veluti
1273 1865 1328 1932 per
1350 1865 1463 1914 manus
1490 1847 1614 1914 tradita

216 1983 257 2015 on
243 1975 336 2016 mom
372 1973 412 2022 ex
439 1953 633 2039 temporibus
656 1953 872 2039 Apostolorum
891 1954 1057 2038 hucusque
1080 1953 1198 2020 credita
1213 1963 1245 2020 et
1260 1953 1463 2021 observata
1440 1971 1510 2020 sroe
1525 1953 1612 2020 scri-

374 2069 426 2145 pto
448 2059 486 2125 ad
520 2079 576 2126 nos
608 2061 845 2146 pervenerunt),
880 2078 975 2145 quam
999 2060 1126 2144 scriptis
1159 2059 1331 2126 eorundem
1364 2059 1612 2127 monumentis?

334 2229 335 2234 ,
373 2166 554 2233 Huiusmodi
578 2174 684 2233 6661666
708 2166 755 2232 661
781 2165 902 2232 inlicito
934 2168 1026 2252 plara
1048 2183 1126 2243 6666,
1158 2184 1240 2251 quae
1272 2174 1452 2250 praesentes
1482 2167 1611 2251 absque

375 2273 472 2340 literis
496 2272 663 2351 tradidere,
686 2291 780 2358 quam
805 2290 841 2339 ea
866 2291 947 2358 qnae
973 2271 1070 2338 literis
1093 2271 1130 2338 ad
1154 2272 1300 2338 absentes
1331 2271 1530 2350 mandavere,
1557 2273 1610 2337 rel

375 2381 447 2446 hinc
483 2379 564 2446 illico
599 2380 800 2470 perspicuum
836 2379 981 2457 evaserit,
1016 2378 1100 2463 qirod
1125 2379 1215 2444 16616
1246 2379 1362 2445 domini
1395 2387 1605 2464 praeceptum

373 2505 482 2552 omnes
507 2485 632 2571 quidem
650 2487 783 2570 Apostoli
803 2485 1002 2570 Evangelinm
1020 2486 1167 2561 docuere,
1184 2484 1237 2551 sed
1255 2493 1380 2570 praeter
1400 2485 1607 2560 llatthaeum,

237 2025 311 2069 661666

376 2593 530 2670 loannem,
557 2592 697 2671 Paulum,
722 2592 877 2670 iacobum,
914 2593 1038 2658 l¹etrnm
1074 2602 1105 2658 et
1138 2591 1242 2658 ludam
1266 2610 1286 2657 a
1312 2591 1425 2658 ceteris
1453 2592 1610 2658 omnibus

375 2699 470 2784 (quod
497 2698 588 2765 niodo
611 2699 763 2765 catholica
788 2699 941 2783 receperit
966 2699 1112 2776 Ecclesia)
1147 2699 1299 2784 scriptum
1326 2698 1415 2783 plane
1446 2698 1527 2764 uihil
1552 2700 1609 2764 ha-

375 2805 495 2888 bemus.
521 2807 557 2870 At
580 2805 656 2872 nihil
682 2805 806 2872 interim
830 2805 908 2871 alios
931 2805 1019 2872 virae
1044 2805 1128 2872 racis
1151 2805 1280 2872 nracnlo
1304 2805 1341 2871 iis
1365 2803 1501 2890 populis,
1525 2821 1610 2890 quos

374 2910 413 2976 ad
437 2910 529 2978 fidem
554 2911 669 2978 Christi
695 2912 877 2997 Evangelica
901 2911 1130 2996 praedicatione
1154 2919 1385 2989 converterant,
1409 2929 1515 2978 coram
1543 2920 1608 2977 tra·

374 3017 489 3084 didisse
511 3035 548 3084 ac
571 3019 717 3085 statuisse
741 3017 944 3103 putabimus?
968 3019 1040 3085 hlihi
1066 3037 1139 3086 sane
1163 3019 1246 3085 haud
1279 3036 1437 3104 quaquam
1463 3017 1499 3084 lit
1523 3017 1610 3085 reri-

376 3123 486 3191 simile.
514 3125 574 3190 lem
600 3143 674 3192 vero
697 3126 886 3210 qrrantnlam
912 3134 969 3204 est,
1001 3126 1084 3211 quod
1110 3125 1199 3192 nohis
1230 3125 1272 3191 illi
1305 3125 1362 3211 ipsi
1395 3124 1608 3210 reliquerunt,

375 3249 512 3316 quorum
540 3239 741 3298 monumenta
765 3232 864 3298 literis
888 3233 1031 3298 mandata
1049 3237 1208 3298 tenemus!
1233 3231 1313 3298 Num
1336 3249 1389 3299 eos
1412 3231 1491 3298 611661
1515 3249 1610 3316 prae·

377 3345 462 3404 terea
486 3337 649 3404 tradidisse
672 3355 708 3404 ac
732 3339 878 3405 statuisse
901 3339 1066 3406 credemus
1081 3338 1165 3424 apud
1181 3357 1234 3406 666
1257 3339 1408 3416 66116666,
1434 3337 1528 3424 idque
1552 3355 1609 3424 per

378 3451 422 3510 tot
445 3461 554 3522 annos,
578 3444 695 3528 uiribus
719 3445 859 3511 nonnulli
886 3445 1087 3530 Evangelium
1112 3445 1227 3512 Christi
1260 3445 1507 3530 praedicaruntl
1532 3445 1610 3510 llinc

359 3552 476 3618 'bracas
499 3554 646 3618 Actorum
672 3553 918 3637 Apostolicorum
942 3552 1077 3637 scriptor
1093 3552 1131 3619 de
1156 3552 1250 3619 Panlo
1272 3560 1303 3618 et
1327 3552 1489 3619 Timotheo
1512 3551 1609 3618 rerba

224 3671 355 3725 16111
378 3657 511 3724 iaciens:
538 3657 634 3734 Cam,
659 3658 770 3743 inquit,
801 3659 1047 3744 pertransirent
1070 3656 1132 3742 (31)
1164 3659 1323 3738 ciuitates,
1356 3657 1531 3724 tradebant
1564 3657 1610 3725 616

378 3765 545 3830 seronato
569 3765 710 3842 11666616,
727 3783 812 3852 qaae
827 3773 923 3830 crant
940 3765 1099 3831 ordinata
1116 3763 1608 3852 61166616166166661616616,

379 3871 438 3958 qai
459 3879 556 3935 erant
581 3869 825 3956 Hierosolymis.
851 3871 932 3954 Quin
950 3871 997 3937 vel
1024 3871 1138 3938 l‘anlns
1162 3871 1237 3956 ipse,
1254 3872 1308 3956 qui
1333 3871 1446 3938 ceteris
1468 3869 1607 3956 alioquin

379 3977 527 4043 omnibns
550 3978 621 4061 plus
644 3985 674 4042 et
700 3975 851 4042 laboravit
875 3985 905 4043 et
929 3978 1125 4062 conscripsit,
1150 3979 1305 4062 permulta
1331 3985 1433 4044 tamen
1458 3995 1477 4042 a
1500 3995 1533 4044 se
1558 3995 1608 4044 co

380 4101 446 4149 ram
472 4083 585 4150 tradita
608 4083 831 4167 complusculis
856 4083 884 4148 in
923 4084 997 4150 locis
1021 4103 1172 4170 perquam
1197 4083 1332 4151 dilucide
1364 4092 1507 4150 testatur.
1533 4085 1608 4150 llam

380 4191 436 4256 etsi
461 4189 540 4256 diras
563 4189 601 4254 ad
625 4189 802 4254 Corinthios
825 4189 972 4274 epistolas
996 4199 1025 4256 et
1049 4190 1216 4275 quideml
1217 4208 1287 4257 sene
1321 4191 1427 4275 longas
1457 4188 1607 4269 deditio

226 4311 309 4406 tegr-
324 4310 357 4360 11
382 4316 419 4382 pr
423 4315 487 4362 iore
513 4305 613 4362 tarnen
638 4296 769 4381 epistola
791 4295 850 4361 ait:
877 4295 991 4362 Cetera
1014 4315 1090 4362 carn
1116 4316 1230 4362 neaera
1255 4298 1440 4383 disponam.
1474 4295 1514 4362 Ad
1541 4297 1608 4364 Phi-

231 4364 358 4470 111311
384 4403 569 4488 lippensesr
563 4402 667 4469 itidem
692 4401 849 4469 scribens:
877 4404 979 4484 Quae,
1006 4403 1117 4489 inquit,
1148 4412 1177 4470 et
1199 4402 1364 4470 didicistis
1386 4411 1415 4472 et
1437 4403 1608 4490 accepistis
