3364 5092
356 284 418 350 lte
668 303 863 352 coururarro
887 305 1120 352 cornuuarusau
1143 306 1260 352 nanim.

353 427 410 493 bac
448 427 477 494 in
514 445 547 494 re
579 427 711 513 agimus
742 447 886 514 quosque
918 429 948 494 in
982 429 1124 515 reliqniis
1155 429 1406 516 imaginibusque
1437 430 1586 498 colimus.
1680 487 1681 508 ,

351 533 429 600 Cum
462 535 567 621 itaque
599 535 639 601 sit
670 534 750 601 idem
786 535 913 602 lionoris
944 545 975 602 et
1006 537 1151 602 culturae
1181 555 1281 621 genus
1305 555 1361 621 per
1392 536 1582 622 sequidem
1680 511 1681 568 ἶ

353 641 454 726 primo
478 641 602 719 sanctis,
627 659 663 708 ae
688 641 829 726 reliqniis
845 641 1096 728 imaginibusque
1119 643 1250 710 alterins
1273 644 1373 729 gratia
1389 652 1419 710 et
1443 643 1587 710 secundo
1680 699 1681 706 ,

353 748 420 813 loco
445 748 633 832 impensum,
657 756 693 815 ut
710 748 781 826 illic,
799 748 842 814 ita
859 749 909 816 bic
925 768 1052 834 quoque
1069 749 1244 816 idololatria
1260 751 1346 816 nulla
1361 751 1586 826 committitur,

353 873 455 940 neque
479 875 554 922 vero
578 856 627 922 bic
650 864 774 939 oportet
797 855 908 922 idiotas
931 874 1075 942 quosque
1105 857 1143 922 ad
1176 857 1303 942 plenum
1329 857 1425 923 buius
1451 875 1585 922 venera·
1680 861 1681 864 ’

354 963 445 1029 tionis
469 980 559 1030 nosse
584 963 745 1028 rationem.
771 962 839 1029 Ut*
864 963 893 1028 in
919 963 988 1029 aliis
1011 963 1081 1029 fidei
1105 971 1231 1029 nostrae
1254 963 1459 1030 sacramentis
1475 971 1507 1030 et
1530 981 1586 1030 re-

353 1069 511 1147 uenientis,
536 1070 576 1134 ita
601 1077 631 1135 et
647 1067 679 1100 **
704 1070 816 1135 bacin
841 1089 876 1136 re
900 1067 982 1152 (meo
1005 1070 1133 1155 quidem
1161 1069 1289 1150 iudicio)
1312 1070 1445 1154 simplici
1480 1071 1586 1136 bouri-

354 1194 429 1242 num
454 1177 565 1242 turbae
590 1177 714 1260 publiea
738 1175 890 1244 Ecclesiae
914 1177 991 1243 sides
1014 1184 1045 1243 et
1069 1177 1199 1243 intentio
1223 1176 1356 1254 sullicit;
1382 1177 1504 1243 tametsi
1530 1195 1589 1243 ne-

354 1283 468 1352 minem
493 1283 604 1368 opinor
630 1283 720 1350 bodie
743 1283 820 1349 adeo
844 1282 966 1362 rudem,
990 1283 1044 1369 qni
1070 1285 1128 1350 bac
1160 1292 1249 1369 parte
1272 1283 1440 1369 aliquando
1465 1293 1588 1369 peccet.

354 1389 467 1475 erorlsi
487 1408 542 1474 per
558 1407 591 1456 se
609 1389 777 1476 imaginum
795 1398 825 1456 et
841 1397 1018 1456 statuarum
1043 1409 1121 1457 usus
1145 1391 1337 1457 idololatriae
1354 1391 1520 1475 praeberet
1536 1407 1590 1457 nc-
1680 1443 1681 1448 ,

353 1496 519 1572 pasionem,
544 1513 705 1580 nunquam
731 1496 825 1574 Deris,
856 1496 909 1580 qui
935 1496 1036 1562 solum
1069 1497 1220 1586 imagines
1249 1496 1423 1562 alienorum
1447 1497 1587 1563 deorum

355 1609 507 1682 uetuerat,
532 1621 588 1688 per
612 1603 715 1669 Mosen
741 1603 771 1668 in
795 1601 919 1668 deserto
943 1610 1121 1686 serpentem
1146 1620 1278 1669 aeneum
1304 1620 1361 1687 pro
1389 1603 1479 1688 signo
1502 1601 1584 1687 erigi
1680 1603 1681 1634 ³

256 1701 261 1713 '
292 1702 297 1714 '
355 1708 505 1788 iussisset,
530 1727 601 1776 cum
628 1708 764 1793 populus
787 1709 838 1776 ille
862 1706 943 1775 foret
966 1709 995 1774 in
1021 1705 1114 1788 (108)
1131 1697 1343 1775 ¹idololatriam
1368 1709 1484 1794 alioqui
1510 1726 1611 1794 pro·.
1680 1807 1681 1810 Ἴ

355 1817 567 1900 pensissimus.
592 1815 672 1899 Quin
699 1816 802 1901 potius
825 1815 904 1882 bene
929 1815 1106 1882 volentibus
1138 1816 1310 1901 plurimum
1336 1816 1482 1882 utilitatis
1507 1817 1588 1882 ima·

355 1921 463 2008 ginum
488 1941 566 1989 usus
589 1922 698 1989 adlert.
724 1923 873 2008 imagines
904 1921 986 1988 enim
1020 1922 1178 2006 simplices
1209 1921 1382 2000 instruunt,
1414 1921 1589 1989 admonent
1680 1923 1681 2002 5

356 2029 499 2108 scientes,
523 2027 664 2095 alliciunt
687 2047 795 2095 omnes
812 2031 832 2094 ¹.
858 2029 934 2113 Quis
958 2029 1051 2108 enim,
1076 2029 1129 2114 qui
1156 2029 1204 2095 vel
1228 2035 1349 2096 statuae
1367 2029 1415 2094 vel
1439 2029 1591 2114 imaginis

357 2135 518 2202 admonitu
553 2136 650 2202 ileum
682 2142 864 2201 sanetumre
895 2143 950 2201 aut
981 2136 1139 2201 honorans
1162 2143 1217 2201 aut
1241 2135 1389 2202 inuocans
1420 2135 1528 2216 (morlo
1553 2136 1586 2201 in
1680 2161 1681 2164 ¹

358 2243 456 2327 gratia
481 2249 513 2309 et
536 2242 688 2308 charitate
712 2241 820 2321 luerit)
835 2259 969 2309 coronae
985 2260 1060 2308 suae
1084 2241 1215 2327 gradum
1232 2241 1399 2327 aliquando
1423 2260 1484 2308 non
1502 2241 1591 2308 adie-
1680 2249 1681 2316 j

362 2349 462 2416 cerit?
485 2349 553 2433 Quo
576 2349 705 2426 lactum,
730 2356 766 2416 ut
789 2349 959 2434 imaginum
991 2366 1070 2414 usus
1101 2350 1142 2414 sit
1172 2348 1294 2432 publice
1318 2347 1523 2434 approbatus,
1557 2355 1590 2414 et

364 2455 494 2522 concilio
509 2455 641 2522 Nicaeno
657 2455 794 2522 seeundo
811 2454 822 2492 ²
846 2462 875 2522 el
892 2427 1231 2540 Constantinopolitano
1246 2455 1259 2493 ³
1283 2462 1313 2520 et
1330 2455 1432 2520 tribus
1447 2454 1592 2520 conciliis
1680 2459 1681 2462 ’

357 2562 618 2638 lateranensibus
634 2565 659 2640 ⁴,
683 2581 776 2648 qoem
809 2563 910 2648 graeci
945 2562 1150 2646 imperatores
1182 2561 1306 2628 circiter
1331 2569 1457 2627 centum
1488 2579 1592 2627 annos

360 2669 521 2754 tyrannice
544 2677 779 2755 oppugnarunt,
803 2669 926 2756 luitque
950 2671 1051 2754 potior
1075 2687 1169 2736 causa
1187 2668 1392 2736 transterendi
1417 2686 1436 2734 a
1458 2667 1590 2736 Graecis

360 2776 398 2842 all
421 2777 593 2844 Germanos
616 2777 794 2862 imperium.
819 2777 950 2844 Carolus
973 2784 1078 2843 autem
1105 2777 1156 2842 ille
1179 2777 1309 2860 illagnns
1332 2781 1471 2860 quatuor
1487 2775 1589 2842 libros
1680 2769 1681 2796 ¹

357 2882 525 2950 aduersum
551 2883 753 2950 iconoclastae
776 2883 997 2968 conscripsisse
1020 2882 1131 2949 lertur.
1158 2883 1253 2948 immo
1270 2880 1398 2947 loannes
1422 2881 1589 2948 Damasce-

358 3007 419 3055 nus
450 2989 481 3055 in
514 2997 629 3075 quarto
657 2990 695 3058 de
727 2989 904 3056 orthodoxa
935 2989 995 3056 lide
1020 2988 1100 3056 libro
1131 2997 1242 3055 auctor
1273 2995 1321 3054 est
1343 2982 1588 3054 ex‘tratlitione

358 3095 541 3180 Apostolica,
567 3097 733 3164 Ecclesiam
759 3098 875 3164 babere
907 3115 1000 3162 usum
1033 3096 1215 3181 imaginum,
1240 3104 1360 3162 utnon
1385 3095 1501 3162 iniuria
1538 3095 1591 3161 bic

359 3219 473 3268 rursus
495 3203 674 3270 exclamare
698 3203 805 3270 liceat:
829 3206 898 3286 Quo
922 3211 1042 3269 teneam
1078 3202 1159 3268 nollo
1184 3209 1356 3268 mutantem
1383 3202 1491 3268 Protea
1517 3201 1589 3267 vnl-

359 3313 443 3374 tum!
469 3309 543 3374 Nam
569 3309 753 3376 insecundo
776 3310 910 3377 articulo
935 3309 1052 3395 priscas
1069 3308 1221 3375 Ecclesiae
1246 3308 1430 3387 sanctiones
1452 3325 1588 3374 consue-

360 3413 484 3482 tudines
506 3424 537 3482 et
561 3416 753 3483 ceremonias
775 3435 899 3484 summa
915 3433 985 3484 cum
1012 3416 1102 3484 laude
1127 3415 1296 3500 recepistis.
1323 3415 1353 3481 ln
1378 3413 1512 3482 articulo
1528 3433 1588 3482 au·

433 3883 440 3913 ¹
463 3883 546 3938 Encb.
566 3885 595 3950 (P
615 3883 682 3951 abl:
702 3887 834 3952 erantum
855 3899 918 3936 vero
937 3886 969 3939 nd
989 3886 1117 3950 imagines
1141 3883 1238 3946 attinet,
1260 3883 1284 3936 id
1305 3881 1438 3935 latendum
1463 3881 1588 3935 Christia-

362 3971 416 4024 nis:
435 3973 594 4037 lniaginibus
613 3974 746 4026 inductum
767 3976 864 4040 vulgus
883 3974 909 4026 in
929 3977 1100 4039 arebetypum
1121 3972 1191 4035 duci,
1211 3985 1335 4039 nonque
1356 3972 1386 4023 lis
1406 3969 1522 4023 tribuant
1540 3971 1587 4024 oli·
1680 3977 1681 4000 t

362 4062 425 4130 quid
447 4063 560 4115 numinis
573 4090 607 4102 -
621 4078 706 4130 neque
724 4063 795 4115 enim
815 4071 866 4115 tana
882 4064 1008 4116 uecordes
1021 4069 1081 4115 sunt
1093 4061 1229 4114 Christiani
1242 4087 1277 4100 -
1290 4059 1337 4113 sed
1352 4067 1378 4112 ul
1392 4060 1415 4111 in
1430 4059 1494 4124 ipsis
1512 4073 1591 4124 prae·

362 4153 567 4205 clarissimorum
593 4153 709 4204 uirorum
735 4154 885 4216 certamina,
911 4153 990 4206 ritem
1016 4153 1149 4218 iidemque
1174 4157 1299 4216 spectent,
1318 4150 1403 4216 sitque
1423 4151 1472 4200 boe
1497 4146 1588 4203 idiotis
1680 4169 1681 4196 l

364 4242 472 4308 pictura,
492 4242 563 4309 quod
584 4241 731 4307 legentibus
750 4249 865 4308 praestat
883 4242 1020 4307 scripturn.

434 4328 444 4360 ²
464 4345 488 4382 a.
507 4330 568 4383 787.

435 4419 446 4448 ⁸
466 4420 507 4472 tv.
526 4434 550 4472 a.
570 4422 630 4473 869.

435 4507 547 4562 *Annis
569 4513 644 4564 tlte.
666 4510 744 4562 ttae.
765 4511 842 4563 tlte.
