3364 5092
510 341 622 389 eortius
644 341 841 390 coxonrssos
1251 325 1292 393 63

71 471 101 528 et
126 463 262 530 demntia
285 473 313 530 ct
336 464 469 530 vidistis
492 465 527 530 in
550 484 612 544 rire,
637 463 717 532 haec
739 466 847 554 opita·
869 475 897 532 et
923 467 1010 532 tiene
1031 467 1127 552 pacis
1154 469 1216 534 erit
1239 488 1292 535 vo·

71 569 203 635 hiienm.
226 571 283 636 Sed
308 571 449 638 oxnnium
476 572 532 638 hac
556 571 594 638 de
620 590 654 638 re
691 573 777 639 locus
799 579 847 639 est
876 573 1094 658 apertissimus
1118 575 1290 658 posteriore

70 676 108 740 ad
136 677 418 744 Thessalonicenses
442 678 589 762 epistola:
615 679 715 758 State,
751 679 863 763 inquil,
894 687 922 744 et
957 688 1054 745 tenete
1088 681 1293 760 traditiones,
1315 697 1337 741 a.
1351 697 1426 794 τιίιὲιι.
1440 698 1462 751 r.

70 801 157 868 quos
175 783 349 862 didicistis,
373 785 445 849 sinc
461 804 523 869 per
544 803 727 851 sermionem
750 785 818 850 tsine
832 804 892 871 per
915 785 1085 872 epistolum
1101 796 1251 853 nostruin
1270 790 1292 852 ¹.
1397 781 1403 795 '

70 889 172 972 Quid?
193 890 276 975 quod
301 907 411 956 omnes
433 891 651 975 Apostolorum
677 891 825 976 epistolae
841 891 880 958 ad
903 909 956 958 eos
979 892 1114 977 scriptae
1130 901 1214 972 suut,
1238 893 1293 979 qui

72 997 133 1060 iam
153 1014 259 1062 eornm
287 997 516 1081 praedicatione
549 997 664 1063 Christi
690 997 782 1064 iidem
817 998 955 1084 amplexi
991 997 1126 1076 inerant,
1162 998 1295 1085 ideoque

70 1121 133 1167 uon
156 1113 213 1168 nm
236 1103 385 1170 docentes
407 1104 563 1187 explicate
579 1103 694 1182 omnia,
711 1121 792 1189 quae
815 1103 885 1170 fidei
907 1111 982 1171 sunt
998 1105 1182 1183 necessaria,
1198 1123 1293 1190 qoam

69 1226 171 1274 coram
195 1209 308 1274 tradita
331 1209 582 1294 compendiosius
606 1210 635 1275 in
661 1211 842 1278 memoriam
868 1211 1053 1278 reducentes
1076 1211 1295 1278 exhortantes·

68 1333 142 1398 que,
163 1321 197 1381 ut
221 1316 250 1381 in
275 1315 419 1382 doctrina
442 1315 512 1382 ndei
537 1317 634 1383 seniel
650 1323 777 1402 accepta
801 1323 1013 1402 perseverent,
1036 1335 1113 1385 neve
1137 1319 1239 1385 sinaut
1262 1337 1296 1384 sn

69 1421 99 1486 in
124 1439 245 1487 errores
268 1439 305 1487 ac
331 1422 476 1488 haereses
509 1439 565 1506 per
591 1423 865 1508 pseudoapostolos
895 1423 1019 1502 ahduci,
1051 1424 1103 1510 qui
1137 1423 1196 1490 iam
1229 1431 1295 1491 tuin

68 1528 169 1593 exorti
194 1536 263 1613 post
287 1529 505 1612 Apostolorum
522 1527 743 1596 discessionem
760 1548 921 1615 nunquam
948 1549 1008 1596 nou
1031 1531 1244 1609 imminebant,
1261 1538 1297 1597 ut

70 1634 216 1717 populum
240 1653 259 1699 a
285 1634 428 1701 libertate
453 1635 607 1720 Evangelii
633 1635 663 1700 iu
691 1635 766 1720 legis
788 1637 972 1703 servitutem
997 1637 1189 1720 pellicerent.
1222 1637 1297 1704 ilinc

69 1739 194 1818 tactum,
217 1749 254 1807 ut
278 1758 318 1806 ex
344 1741 527 1826 Apostolicis
552 1741 731 1808 huiusmodi
758 1741 979 1809 traditionibus
1009 1743 1129 1828 aliquot
1163 1760 1298 1810 canones

69 1846 283 1930 Apostolorum
310 1847 341 1913 in
378 1846 532 1932 principio
556 1846 711 1914 nascentis
745 1847 848 1913 adhuc
874 1847 1026 1914 Ecclesiae
1060 1866 1078 1914 a
1106 1847 1197 1914 beato
1231 1848 1298 1916 Cle-

69 1961 172 2020 mente
194 1953 328 2030 roilecti,
352 1953 382 2020 in
407 1954 521 2038 scripta
548 1953 663 2020 redacti
695 1961 791 2038 atque
824 1954 963 2039 synodali
997 1955 1183 2023 aucmritate
1213 1973 1298 2022 eom·

69 2059 188 2142 prohati
213 2059 331 2127 luerint
355 2061 422 2146 (qui
447 2061 618 2127 etiamnum
644 2061 737 2126 latine
760 2061 1052 2141 circumferuntur),
1078 2069 1181 2128 mutae
1214 2061 1299 2146 apud

69 2165 201 2232 Graecos
224 2167 299 2233 olim
324 2167 483 2252 dignitatis
506 2185 542 2234 ac
566 2167 648 2244 tidei,
672 2175 707 2234 ut
732 2167 888 2234 canonicis
912 2167 982 2234 novi
1009 2169 1182 2235 testamenti
1212 2167 1300 2236 lihris

68 2272 366 2340 dinumerarentur.
384 2273 536 2357 Quocirca
561 2274 637 2340 nulli
663 2273 723 2340 iant
748 2273 880 2340 duhinm
897 2291 965 2341 esse
982 2292 1064 2352 reor,
1082 2274 1179 2340 nihilo
1195 2275 1299 2341 minus

68 2379 106 2443 ad
129 2379 340 2446 Christianam
364 2387 396 2446 et
412 2379 626 2465 Evangelicam
651 2380 809 2464 pertinere
825 2379 998 2446 doctrinam
1024 2380 1205 2448 traditiones
1221 2385 1299 2467 Apo-

69 2487 219 2552 stolorum
245 2503 307 2552 non
332 2485 659 2571 scriptorumve
682 2487 822 2571 ipsorum
848 2505 949 2565 voces
973 2493 1068 2572 quam
1094 2495 1236 2555 mortuas
1251 2507 1299 2556 eo

70 2592 201 2658 cundem
228 2591 343 2658 literas.

156 2699 275 2765 l'erum
300 2699 472 2777 enimvero,
496 2699 644 2784 quoniam
669 2699 814 2766 Christus
837 2707 868 2766 et
895 2700 1033 2784 seipsum
1059 2699 1210 2785 Apostolis
1234 2700 1300 2767 suis
1323 2719 1360 2764 tv.

69 2804 105 2869 ad
129 2805 227 2872 seculi
254 2821 355 2889 usque
379 2805 679 2872 consummationem
695 2806 870 2872 ailutnrum
888 2807 1045 2891 pollicitus
1060 2815 1107 2873 est
1130 2815 1160 2872 et
1184 2806 1300 2874 eisdem
1318 2771 1464 2870 geginam&

69 2920 213 2978 extrema
235 2911 378 2978 oratione
402 2911 503 2996 palam
529 2911 689 2997 protessus
712 2920 770 2990 est,
795 2931 827 2980 se
859 2922 978 2999 patrem
1003 2931 1120 2992 orasse,
1151 2930 1215 2999 quo
1238 2913 1301 2998 spi·
1324 2879 1458 3030 maizi

71 3018 165 3084 ritum
190 3026 335 3083 sanctum
361 3017 436 3102 ipsis
453 3018 600 3097 mitteret,
616 3019 670 3103 qui
688 3037 759 3085 otim
777 3020 822 3085 eis
839 3019 868 3085 in
886 3028 1050 3086 aeteruum
1071 3028 1299 3098 maneret,nou
1393 3017 1399 3029 ‘
1442 3017 1447 3029 '

72 3142 125 3208 pro
148 3125 196 3190 eis
222 3130 356 3202 tautum
381 3123 434 3192 sed
458 3132 490 3190 et
513 3144 572 3210 pro
595 3125 633 3192 iis
656 3125 709 3211 qni
735 3126 885 3192 credituri
910 3132 1014 3192 esseut
1046 3144 1102 3211 per
1125 3143 1301 3192 sermonem

71 3249 179 3296 eorum
206 3231 237 3295 in
264 3229 377 3314 ipsum,
402 3238 511 3315 utpote
534 3232 710 3298 moriturus
733 3251 794 3299 tion
827 3251 885 3317 pro
908 3233 973 3298 suis
1006 3239 1126 3299 nutum
1151 3233 1303 3317 Apostolis

71 3335 299 3422 discipulisque
324 3346 390 3404 tum
417 3337 604 3415 viventibus
629 3337 682 3404 sed
706 3345 738 3404 et
754 3357 811 3423 pro
834 3338 956 3404 cunctis
972 3356 1082 3405 eorum
1108 3339 1137 3405 in
1156 3338 1215 3405 hile
1232 3355 1303 3406 suc-

72 3443 253 3510 cessorihus
276 3461 377 3528 usque
400 3443 438 3510 ad
464 3443 557 3511 linem
583 3444 692 3510 mundi
724 3444 856 3511 uhilihet
887 3445 1027 3530 gentium
1054 3446 1194 3523 victuris,
1225 3445 1304 3512 nihil

73 3550 213 3634 proiecto
236 3549 312 3616 mihi
336 3549 469 3617 duhium
486 3559 543 3628 est,
568 3559 630 3616 tam
656 3552 828 3618 illustratos
844 3553 957 3636 spiritu
982 3559 1089 3618 sancto
1110 3551 1304 3618 orthodoxos

74 3657 226 3724 Ecclesiae
252 3664 367 3741 patres,
391 3657 608 3742 Apostolorum
632 3658 925 3744 discipulorumque
957 3659 1070 3726 Christi
1096 3676 1303 3738 successores,

73 3767 113 3830 nti
140 3781 233 3830 sarra
257 3763 426 3850 utriusque
450 3764 625 3831 testamenti
650 3765 774 3851 eloquia
799 3765 888 3832 nohis
911 3765 1094 3840 eilisserent
1111 3783 1206 3850 quam
1233 3783 1303 3850 pro-

77 3955 343 3964 ——--—————-—

142 4087 151 4118 ¹
173 4089 247 4142 Mon.
268 4089 290 4154 Q
309 4085 360 4138 tib:
380 4087 511 4154 Qtticqnid
531 4089 616 4154 reipsa
638 4089 778 4152 Ei'angelio
797 4095 924 4141 consonat
946 4095 991 4139 attt
1017 4087 1200 4140 collocutione
1220 4101 1306 4139 neres·

72 4179 138 4232 saria
158 4193 190 4230 ex
211 4180 262 4230 hnc
281 4177 377 4230 rledoci
397 4184 509 4244 potest...
528 4175 620 4243 chrito,
642 4177 714 4246 qnod
731 4177 818 4239 nitent,
837 4175 963 4232 omnihus
982 4193 1030 4230 cen
1051 4191 1155 4229 mortim
1170 4176 1305 4241 excipitur.

74 4269 162 4336 soloe
181 4266 254 4319 euim
273 4279 304 4320 ca
324 4267 419 4330 solium,
437 4281 506 4334 quae
526 4267 620 4332 poteriis
639 4267 737 4330 verbio,
761 4267 806 4318 sed
832 4281 861 4318 ea
887 4269 984 4332 omnio,
1003 4280 1072 4334 qnae
1098 4267 1138 4316 voi
1164 4263 1306 4317 traditione

74 4355 237 4426 apostolico,
258 4357 299 4408 vel
318 4357 503 4409 consecutione
522 4357 667 4408 riccessoria
680 4371 710 4409 ex
725 4356 852 4421 scriptura
873 4369 946 4408 sacra
965 4354 1112 4414 eliciuntur,
1125 4352 1306 4417 amplectenda

73 4455 141 4498 strui.
161 4445 267 4512 Alioqui
286 4459 335 4498 oin
354 4445 448 4498 l’nulus
468 4446 541 4498 iussit
560 4459 612 4498 non
632 4447 712 4498 inodo
731 4459 799 4512 quae
813 4459 860 4510 per
873 4445 1019 4510 epistolam,
1032 4443 1078 4496 sed
1098 4442 1240 4495 etiamnum
1261 4455 1307 4506 per

73 4549 226 4590 sermonem
248 4533 339 4589 rtrum
356 4538 383 4589 et
400 4533 571 4590 traditionem
590 4535 745 4600 didicerunt,
765 4537 890 4588 seruaret
