3364 5092
496 313 626 362 rasurus
648 312 855 362 couunnssus.
1226 296 1287 360 tud

78 445 108 502 ut
121 454 250 523 aequum
267 444 326 518 est,
340 457 401 506 non
415 455 583 524 possumus
598 438 732 506 eundem
750 437 869 505 colere:
882 437 1010 524 -quis
1025 454 1165 524 unquam
1182 439 1289 504 catho-

77 543 145 610 licus
167 543 355 611 alterutrum
381 545 530 630 negavit?
557 545 630 631 quis
660 544 698 612 de
727 545 882 612 alterutro
911 545 1024 612 horum
1059 543 1150 611 aliter
1181 544 1288 623 sensit,

76 649 155 717 alter
176 651 291 730 docuit,
314 651 405 719 aliter
429 652 565 737 scripsit,
581 652 673 718 aliter
691 651 905 738 praedicavit?
927 651 1001 718 Nam
1019 651 1071 716 illa
1092 650 1219 737 quidem
1237 669 1288 718 co

76 757 161 840 gnitio
184 757 236 825 llei
261 776 324 825 non
349 757 407 826 uisi
432 775 489 844 per
512 757 605 826 tidem
629 759 723 844 (quae
747 759 857 844 utique
883 757 941 824 Dei
962 759 1087 824 donum
1110 761 1168 840 eat)
1193 758 1288 826 unius
1311 769 1364 827 tal·
1378 769 1434 822 a&

77 863 216 932 Ecclesiae
238 865 410 934 catholicae
434 865 588 945 liabetur3
612 862 680 950 (89)
705 865 755 932 liic
780 883 855 932 vero
878 865 932 932 Dei
957 864 1062 932 cultus
1086 883 1147 931 non
1169 865 1204 931 tn
1228 865 1287 932 nisi

75 971 273 1056 pergratiam
299 979 330 1038 et
353 972 550 1051 charitatem,
573 991 668 1058 qnam
692 979 724 1038 et
748 973 845 1058 ipsam
870 971 928 1038 vel
950 987 1109 1038 summum
1134 989 1201 1039 esse
1233 972 1287 1039 Dei

76 1095 180 1145 munus
202 1097 244 1147 ex
269 1078 411 1146 doctrina
434 1079 608 1164 apostoliea
630 1079 702 1164 quis
726 1079 873 1164 ignorat?
897 1078 972 1145 llinc
996 1077 1131 1145 Ecclesia
1154 1079 1184 1145 in
1208 1080 1289 1146 sole-
1311 1089 1332 1134 t·
1347 1089 1396 1136 aa.
1410 1089 1445 1134 ¹³·

76 1185 190 1254 mnibus
214 1186 275 1254 illis
297 1185 504 1266 orationibus,
528 1204 607 1272 quas
631 1186 725 1272 vulgo
748 1187 892 1253 collectas
914 1185 1106 1271 appellitant,
1130 1186 1230 1272 palam
1258 1194 1290 1254 et

74 1301 171 1375 aperte
195 1294 347 1380 profitens
368 1293 465 1360 divini
483 1293 625 1361 muneris
640 1311 718 1372 esse,
734 1300 771 1360 ut
793 1293 886 1378 digne
908 1310 944 1360 ac
969 1292 1165 1360 laudabiliter
1180 1311 1199 1359 a
1215 1293 1289 1360 tide-

75 1396 147 1466 libus
169 1401 197 1467 ei
221 1401 380 1468 serviatur
396 1401 420 1479 ¹,
445 1417 547 1486 neque
571 1417 661 1486 posse
684 1416 863 1486 quenquam
888 1399 1011 1485 placere
1027 1400 1091 1467 Deo
1114 1400 1180 1468 sine
1204 1401 1289 1485 ipso:

76 1523 177 1590 magna
199 1525 241 1574 ex
266 1511 356 1592 parte
379 1507 409 1573 in
433 1505 547 1573 divinis
569 1505 680 1574 officiis
702 1504 941 1573 dominicalibus
964 1524 1022 1591 per
1044 1506 1117 1573 anni
1134 1505 1289 1574 circulum

74 1611 143 1680 nilail
161 1613 258 1692 aliud,
275 1631 370 1699 quam
387 1613 519 1700 gratiam
536 1620 568 1680 et
582 1613 737 1680 auxilium
755 1613 902 1698 implorat
917 1620 949 1680 et
964 1612 1117 1699 cogitandi
1134 1619 1165 1680 et
1180 1613 1290 1699 agendi

75 1737 146 1804 quae
169 1727 255 1788 recta
278 1728 362 1787 sunt
385 1723 422 1787 nt
445 1720 521 1806 quid
553 1720 629 1787 haee
657 1728 767 1788 contra
797 1719 931 1786 liberum
963 1718 1082 1787 iaciunt
1112 1719 1290 1801 arbitrium,

75 1825 156 1894 cuius
177 1833 236 1906 est,
260 1843 318 1913 per
341 1826 412 1894 fidei
436 1826 554 1894 donum
578 1827 734 1912 imperare
758 1827 914 1894 humanae
931 1826 1054 1906 rationi,
1074 1834 1110 1893 ut
1134 1826 1193 1905 his,
1209 1844 1291 1913 quae

76 1933 205 2000 nativum
229 1933 299 2002 eius
321 1942 448 2020 captum
480 1933 649 2012 excedunt,
672 1951 809 2019 quorum
841 1939 890 2000 est
918 1933 1006 2012 fides,
1029 1933 1229 2013 assentiatur,
1260 1941 1292 2002 et

77 2048 105 2104 ut
128 2040 262 2108 Paulinis
285 2047 359 2108 utar
382 2041 498 2120 verbis,
531 2040 566 2107 in
594 2041 819 2126 captivitatem
850 2039 992 2126 redigere
1023 2039 1216 2108 intellectum
1245 2041 1291 2107 ud
1309 2049 1460 2103 tendet

77 2145 283 2214 odediendum
308 2145 445 2228 Christi,
462 2166 519 2234 per
534 2146 653 2216 donum
670 2164 745 2214 vero
761 2147 880 2232 gratiae
904 2154 935 2214 et
951 2146 1113 2214 charitatis
1136 2146 1292 2233 imperare

79 2255 190 2322 cunctis
213 2255 336 2324 animae
357 2255 490 2334 viribus,
515 2262 550 2322 ut
573 2271 631 2322 suo
654 2272 781 2341 quaque
804 2254 953 2340 fungente
976 2253 1079 2321 officio
1109 2252 1201 2340 digne
1225 2254 1293 2321 lau-

76 2357 275 2449 dabiliterque
299 2362 433 2430 creatori
464 2369 573 2430 nostro
603 2361 788 2440 serviamus,
812 2360 976 2446 diligentes
1006 2360 1167 2428 dominum
1192 2361 1291 2428 Deum

78 2475 210 2536 nostrum
242 2488 284 2536 ex
316 2475 381 2537 toto
412 2469 506 2537 corde
540 2478 658 2548 nostro,
683 2487 724 2536 ex
748 2475 813 2536 tota
846 2469 950 2534 anima
972 2475 1080 2534 nostra
1102 2475 1133 2534 et
1156 2485 1197 2536 ex
1230 2476 1293 2536 tota

78 2584 172 2644 mente
194 2585 314 2656 nostra,
337 2585 433 2662 atqvm
455 2577 638 2662 proximum
662 2582 806 2643 nostrum
843 2575 925 2642 sicut
948 2591 1005 2642 nos
1027 2574 1129 2660 ipsos;
1153 2575 1213 2642 hoc
1235 2585 1293 2656 est,

77 2685 108 2745 ut
129 2681 311 2751 brevissime
333 2682 482 2762 dixerim,
506 2683 597 2750 liberi
620 2683 742 2750 arbitrii
766 2691 823 2762 est,
848 2689 918 2748 tum
942 2681 1013 2750 lldei
1033 2681 1115 2749 dono
1137 2682 1293 2760 assentiri,

79 2793 136 2856 tum
160 2791 206 2857 uti
229 2797 262 2857 et
284 2791 446 2876 cooperari
470 2789 552 2858 dono
575 2790 693 2876 gratiae
717 2807 773 2858 seu
797 2789 969 2857 charitatis.

157 2897 254 2966 Porro
284 2897 368 2984 quod
401 2897 452 2964 laic
485 2897 647 2984 loquimini
679 2896 718 2964 de
749 2897 924 2982 cognitione
955 2896 1021 2976 llei,
1045 2914 1109 2983 qua
1132 2897 1223 2964 sicuti
1248 2904 1295 2964 est

78 3005 277 3088 cognoscitur,
302 3003 333 3072 id
356 2999 414 3084 est,
437 3004 469 3072 in
493 3005 627 3072 essentia
661 3023 718 3072 sua
742 3004 877 3083 videtur,
901 3003 1152 3089 ignorantissime
1175 3004 1293 3072 dictum

77 3115 124 3174 est.
147 3111 212 3178 Non
237 3129 274 3178 ea
297 3111 432 3198 cognitio
455 3129 516 3178 non
541 3119 588 3178 est
609 3112 687 3208 'viae
719 3111 902 3196 praesentis,
934 3117 965 3177 at
996 3110 1122 3178 futurae
1153 3111 1295 3178 coelestis

78 3217 196 3298 patriae,
220 3235 325 3304 neque
349 3217 508 3298 meritum,
532 3226 565 3284 ιι
588 3218 763 3304 praemium
778 3216 901 3284 dicente
924 3217 1015 3286 beato
1032 3217 1142 3284 loanne
1158 3216 1196 3284 de
1213 3217 1293 3283 Deo:

78 3319 200 3392 Scimus
222 3323 384 3414 quoniam
406 3343 484 3392 cum
507 3325 720 3412 apparuerit,
751 3323 875 3391 similes
906 3325 936 3391 ei
965 3325 1103 3404 erimus,
1134 3324 1294 3412 quonium
1317 3331 1338 3377 ¹·
1352 3332 1382 3379 ¹⁰·
1396 3331 1417 3386 ι
1431 3331 1453 3378 ²·

80 3427 253 3498 videbimus
276 3449 351 3498 eum
374 3431 477 3498 sirmi
491 3440 547 3498 est.
565 3433 627 3498 lam
645 3449 720 3499 vero
736 3431 821 3518 qrrod
846 3431 992 3518 protentis
1008 3449 1050 3498 ex
1066 3431 1210 3517 lpostolo
1226 3439 1293 3498 tum

79 3533 110 3600 td
132 3537 345 3624 Philippenses
367 3541 417 3606 ιε
445 3539 531 3604 Deus
554 3546 600 3606 est
623 3539 683 3628 qui
702 3539 774 3626 ugit
797 3539 832 3605 c'n
856 3537 958 3619 volta,
974 3546 1003 3604 et
1026 3546 1063 3604 ιιι
1086 3537 1191 3604 velitis
1214 3545 1242 3602 et
1257 3545 1296 3602 ιιι
1314 3545 1465 3604 (nutare.)

79 3641 230 3728 efficiatis,
250 3663 316 3730 pro
340 3643 422 3712 dono
446 3645 555 3712 animi
575 3646 765 3732 proposito,-
796 3655 863 3714 tum
888 3649 918 3713 l.
943 3647 1013 3712 Cor.
1038 3645 1087 3712 3.:
1112 3643 1186 3712 Nou
1208 3645 1296 3732 quod
1313 3653 1465 3710 pomam

81 3746 180 3818 idonei
200 3771 321 3818 crimus
343 3772 383 3818 ea
405 3751 499 3819 nodas
524 3753 607 3838 ipsis
630 3754 778 3840 cogitare
801 3753 980 3841 pruisquam
998 3760 1160 3839 tunquam
1183 3771 1222 3818 eu
1238 3771 1296 3817 no-

80 3851 121 3919 lis
140 3859 233 3946 ipsis,
249 3861 306 3926 aad
329 3859 361 3925 si
382 3861 429 3926 ιιι
452 3859 583 3948 aliquid
605 3861 715 3927 idonei
736 3880 867 3940 stamus,
884 3860 920 3926 id
938 3879 978 3925 ex
996 3859 1133 3938 Deoest,
1151 3859 1296 3944 -quid,

81 3961 211 4046 coccio,
236 3973 371 4052 uterque
394 3967 446 4034 liic
470 3967 558 4034 locus
580 3967 663 4034 aliud
689 3967 811 4053 probat,
835 3985 929 4054 quam
955 3965 1112 4051 praedicta
1135 3966 1195 4033 iam
1217 3965 1297 4033 ratio

82 4077 185 4151 vestra,
209 4090 322 4159 nempe
346 4091 402 4140 nos
425 4091 518 4158 egere
542 4074 642 4158 gratia
665 4075 719 4141 Dei
746 4083 812 4142 tum
838 4073 1058 4159 praeveniente
1080 4090 1116 4140 ac
1136 4079 1296 4158 operante,

80 4191 134 4258 qua
155 4179 194 4246 ad
220 4179 336 4248 bonum
361 4180 606 4247 exstimulemur
631 4197 887 4266 moveamurque
906 4187 940 4246 ut
956 4179 1139 4265 cogitemus
1165 4178 1297 4246 velimus

81 4289 164 4370 tique
190 4285 350 4356 valeamus
373 4287 496 4373 operari
529 4306 611 4373 quae
643 4285 819 4372 centallo)
851 4289 923 4366 sint,
955 4294 1021 4354 tuin
1052 4293 1238 4372 cooperante
1261 4304 1296 4352 ac

143 4521 151 4554 ¹
172 4523 250 4576 Dum.
269 4521 322 4576 xll.
342 4537 367 4589 p.
388 4523 562 4576 Pentecosten.
