3364 5092
521 335 633 382 uulnus
655 333 862 384 cononnssos.
1263 315 1304 382 67

83 468 209 526 sanctm
230 459 416 545 praesideat,
438 457 689 526 orthodoxorum
714 459 827 544 opinor
841 457 1001 544 ambigere
1026 457 1191 530 neminem.
1208 457 1306 526 Cuius

85 566 127 632 rei
155 566 393 651 locupletissimo
416 564 512 632 luerit
535 573 600 631 tum
625 572 812 650 argumento
835 571 901 631 tum
925 563 1072 649 exemplo
1094 563 1305 648 apostolicum

84 671 161 738 illud
183 671 347 743 concilium
370 688 467 756 super
490 670 707 738 observatione
730 670 876 754 legalium
909 669 1175 748 Ceremoniarum,
1201 669 1306 736 lliero

81 777 207 861 solymis
229 780 280 862 (ut
303 785 352 844 est
375 777 408 854 in,
428 777 575 843 dotorum
599 775 742 858 historia)
766 775 970 843 celebratum.
995 775 1093 842 llnius
1116 775 1198 842 enim
1221 792 1307 842 sena·
1329 789 1377 834 tc·
1392 787 1476 843 teat.

83 891 133 950 tos
156 883 332 950 consultum
349 882 387 950 ad
404 881 518 948 iratres
531 881 710 948 dntiocbiae
727 881 936 967 perscriptum
953 881 1035 948 inter
1058 879 1118 946 alia
1134 881 1178 948 sic
1194 880 1306 948 babet:

91 989 199 1055 Vicum
221 997 268 1055 est
290 988 431 1074 spiritui
451 997 567 1068 scitoto
589 1006 631 1054 cc
653 986 759 1066 uobis,
782 1006 823 1053 ne
845 987 928 1075 quid
950 985 1097 1072 amplius
1124 987 1305 1071 imponere-

80 1115 159 1160 mus
179 1093 270 1162 nobb
292 1094 403 1160 oneris
424 1101 483 1161 etc.
507 1094 576 1178 Quo
608 1094 675 1160 loco
705 1093 867 1179 praeclare
897 1092 987 1160 nobis
1011 1092 1177 1171 indicatur,
1208 1091 1307 1160 sacris

82 1201 231 1269 Ecclesiae
254 1200 394 1268 conciliis
417 1200 477 1268 rite
492 1201 607 1267 coactis
622 1217 745 1286 semper
762 1199 940 1285 praesidere
956 1199 1102 1285 spiritum
1127 1205 1269 1266 sanctum
1284 1200 1306 1265 ¹.

82 1308 278 1394 Quapropter
300 1315 334 1374 et
356 1306 534 1374 huiusmodi
559 1306 763 1374 conciliorum
779 1304 934 1392 dogmata,
958 1305 1196 1373 constitutiones
1211 1305 1308 1372 etde

82 1423 178 1494 creta
195 1423 344 1500 coquam
361 1430 379 1481 e
394 1412 531 1481 sacrario
547 1412 677 1498 spiritus
692 1412 789 1480 sancti
808 1413 938 1498 prolata,
954 1411 1150 1479 Christianae
1165 1418 1197 1479 et
1212 1411 1309 1479 Evan-

82 1521 196 1604 gelicae
218 1519 381 1587 doctrinae
403 1519 542 1605 catalogo
566 1519 613 1586 vel
638 1505 776 1586 maxime
798 1518 913 1586 debent
935 1517 1059 1586 ascribi.

169 1625 227 1693 Sed
251 1633 338 1693 certe
360 1625 387 1692 si
410 1624 545 1692 Ecclesia
576 1624 642 1704 Dei,
673 1641 768 1710 quam
801 1624 979 1692 universale
1003 1624 1099 1692 refert
1129 1623 1307 1705 concilium,
1330 1638 1385 1683 vlt·

1336 1691 1465 1738 Uuirtnalit

81 1731 193 1816 spiritu
217 1738 326 1799 sancto
349 1731 471 1816 regitur
493 1731 525 1798 in
548 1731 615 1798 suis
643 1730 778 1798 decretis
807 1739 902 1816 atque
930 1730 1217 1810 constitutionibus,
1248 1747 1307 1798 cur
1330 1745 1468 1844 mm·

83 1837 157 1904 item
181 1855 241 1904 oon
275 1837 307 1904 in
338 1835 618 1904 consuetudinibus
646 1836 824 1922 ritibusque
857 1836 923 1903 suis
953 1854 1021 1903 eam
1053 1836 1167 1922 spiritu
1199 1845 1308 1904 sanctu
1376 1862 1422 1897 nu.

81 1943 172 2030 dirigi
195 1942 384 2011 credemus?
409 1943 492 2010 Etsi
516 1943 662 2011 humanis
685 1942 716 2010 in
741 1943 848 2022 rebus
863 1960 946 2028 quae
962 1943 1083 2010 nativae
1106 1943 1236 2010 rationis
1260 1943 1307 2010 lu·

85 2050 168 2116 mine
190 2059 357 2135 reguntur,
381 2057 505 2135 recepta
527 2049 722 2117 consuetudo
745 2049 807 2116 vim
833 2049 961 2116 bomani
986 2049 1066 2116 iuris
1088 2049 1218 2128 obtinet,
1250 2066 1308 2116 cur

82 2153 156 2222 item
181 2175 241 2222 noo
271 2156 301 2223 io
326 2156 458 2241 negotiis
487 2155 718 2234 Ecclesiasticis,
741 2173 823 2240 quae
847 2155 1026 2241 magisterio
1049 2155 1180 2240 spiritus
1210 2155 1308 2223 sancti

83 2263 290 2346 gubernatur,
314 2261 508 2330 consuetudo
533 2262 670 2329 unanimi
707 2262 846 2329 omnium
882 2262 1001 2348 ubique
1031 2261 1146 2328 Christi
1169 2259 1310 2330 fidelium

82 2385 235 2436 consenso
258 2367 432 2454 approbata
454 2375 486 2436 et
507 2367 630 2436 diutino
651 2367 879 2436 observationis
909 2386 970 2435 usu
995 2367 1190 2447 confirmata,
1212 2367 1310 2434 diuini

83 2473 163 2542 iuris
184 2473 254 2558 (35)
279 2474 377 2542 robur
394 2473 511 2542 babere
534 2474 721 2559 putabitur?
746 2475 820 2541 ltine
835 2474 1000 2560 apostolus
1020 2473 1135 2541 Paulus
1157 2473 1310 2542 adversus

82 2582 293 2648 contentiosos
317 2580 544 2649 Ecclesiasticae
560 2579 794 2648 consuetudinis
809 2580 1027 2647 auctoritatem
1053 2581 1221 2666 protulisse
1236 2598 1311 2648 con-
1333 2597 1353 2642 t.
1367 2598 1417 2642 cor.
1431 2594 1466 2649 ¹¹.

87 2697 208 2756 tentus:
233 2685 272 2755 Si
293 2688 380 2772 quas,
404 2687 515 2772 iuquit,
538 2687 669 2753 uidetur·
691 2687 911 2754 contentiosus
934 2706 1013 2765 esse,
1037 2706 1098 2753 noe
1121 2687 1218 2753 totam
1238 2705 1311 2754 coo·
1382 2652 1416 2696 ω’

84 2795 292 2864 suetudinem
314 2815 381 2862 uun
409 2792 703 2882 commotaque
736 2793 880 2861 Ecclesia
906 2794 964 2860 llei
979 2795 1001 2860 ².
1033 2795 1243 2879 Quamobrem
1275 2799 1311 2860 ut

85 2901 219 2987 scriptae
243 2901 436 2986 generalium
454 2900 656 2968 conciliorum
675 2901 860 2978 sanctiones,
877 2900 919 2966 ita
942 2909 973 2966 et
996 2901 1108 2968 tacitae
1125 2899 1312 2966 universalis

85 3005 236 3074 Ecclesiae
260 3005 512 3083 consuetudines,
528 3021 585 3072 ceu
609 3005 696 3072 rivae
712 3005 865 3091 qiuaedam
881 3005 980 3090 ipsius
995 3023 1098 3085 vocae,
1115 3003 1199 3072 baud
1219 3022 1311 3072 secus

153 3271 161 3302 ¹
183 3269 269 3326 ancl.
290 3273 308 3323 E
327 3268 376 3324 ib:
398 3271 552 3337 Luqutintur
571 3276 597 3321 et
615 3275 702 3334 patres
720 3269 802 3322 sacris
820 3268 848 3322 in
872 3267 1000 3335 amicitiis,
1023 3269 1087 3323 dum
1107 3270 1200 3336 spiritu
1222 3273 1311 3322 sanctu

83 3361 150 3415 duce
169 3360 232 3412 ildel
252 3371 346 3412 causas
364 3361 511 3412 terminant
531 3387 564 3396 —
583 3357 621 3412 Gt.
640 3373 709 3427 quae
728 3356 900 3413 Herbcrnetcs
918 3359 953 3412 de
973 3358 1091 3412 conciliis
1109 3359 1244 3425 praeclare
1262 3358 1312 3412 dis·

85 3455 155 3512 putat
175 3450 203 3502 ln
222 3445 576 3503 neocaesariae.
598 3447 611 3500 t
630 3447 650 3499 L
669 3447 698 3500 5:
722 3446 861 3514 Equidem,
885 3447 977 3514 lnquit,
1001 3456 1028 3500 et
1051 3461 1100 3501 nos
1122 3461 1205 3514 penes
1229 3447 1312 3500 Eccle

84 3537 148 3592 siam
168 3538 296 3590 volumus
313 3549 373 3590 esse
391 3536 552 3590 diiudicandi
571 3536 605 3590 de
624 3537 704 3590 variis
721 3549 752 3590 ac
771 3535 917 3602 peregrinis
942 3536 1074 3600 dogmatis
1096 3535 1244 3589 arbitrium.
1270 3537 1314 3588 Ec·

85 3627 177 3680 clasiae
197 3638 263 3678 sero
281 3623 389 3678 numine
407 3625 572 3690 potissinmm
586 3625 726 3678 concilium
745 3625 955 3690 oecumenicum,
973 3623 1024 3678 sub
1043 3628 1108 3678 baec
1130 3633 1156 3678 et
1174 3625 1314 3690 Episcopo·

85 3728 141 3768 rum
160 3713 281 3780 synodus
299 3712 368 3766 baud
389 3713 482 3766 iniuria
501 3713 668 3778 intelligimus
681 3719 729 3766 etc.
744 3741 778 3753 -
790 3715 809 3766 L
823 3711 874 3766 ὅδε
932 3713 1023 3781 Neque
1041 3713 1110 3766 enim
1125 3727 1172 3766 nus
1184 3725 1313 3778 amamus

85 3805 206 3870 spiritum
225 3803 355 3856 Ecclesiae
373 3803 401 3855 ln
418 3801 575 3856 arrabonem
594 3804 729 3866 datum...;
747 3803 810 3870 quio
830 3800 857 3855 id
875 3809 915 3855 est
932 3817 986 3870 quo
1005 3809 1121 3855 nostrum
1136 3801 1216 3856 fldem
1235 3801 1314 3867 pods·

85 3894 181 3946 simum
201 3891 368 3946 robcmmus.
388 3891 524 3960 Siquidem
543 3892 567 3945 ls
584 3891 692 3958 spirltus
703 3892 737 3946 ad
757 3895 806 3946 boc
819 3891 948 3946 Ecclesiae
965 3891 1044 3946 dutus
1056 3899 1103 3958 est,
1122 3899 1150 3946 ut
1168 3892 1193 3944 lo
1207 3905 1314 3944 omnem

86 3983 222 4034 nectutem
241 3979 330 4043 ducat,
349 3985 378 4033 ut
396 3987 531 4046 suggerat,
548 3994 618 4047 quae
636 3980 747 4034 dilltcilia
762 3979 857 4032 luerlnt
873 3980 1011 4043 intellectu,
1030 3990 1059 4034 ut
1076 3980 1185 4034 adsistat
1209 3987 1315 4046 patrum

86 4071 198 4124 comitiis
217 4069 301 4138 iisqne
319 4083 378 4122 sese
397 4069 518 4133 insinuet,
535 4083 569 4122 ne
587 4083 672 4132 seona
684 4083 764 4137 quam
777 4083 820 4122 res
838 4070 892 4134 ipsu
907 4068 994 4134 babet,
1006 4068 1187 4122 determinent
1202 4068 1227 4122 ld
1241 4067 1315 4136 quod

84 4167 108 4212 et
125 4159 294 4214 moctimime
313 4160 439 4212 bactenus
456 4157 583 4224 praestitit
602 4159 628 4211 in
656 4157 833 4212 oecumenicis
857 4164 961 4222 patrum
990 4155 1174 4222 conventibus,
1201 4156 1268 4210 adeo
1288 4163 1316 4211 ut

85 4261 223 4317 acapnum
242 4243 428 4313 deprehendas
445 4259 490 4302 eur
508 4245 537 4299 in
555 4245 596 4311 iis,
615 4259 685 4316 quoe
702 4259 812 4300 mrum
830 4243 943 4316 fideique
961 4243 1090 4310 erutuet,
1109 4257 1226 4298 musso.

154 4333 165 4368 ¹
187 4333 272 4391 Euat.
291 4336 310 4388 L
329 4336 361 4388 ti:
380 4337 514 4403 Quatenus
532 4337 564 4388 ad
584 4341 717 4402 receptam
738 4335 967 4388 cousuetudinem:
996 4334 1021 4386 Si
1046 4333 1107 4401 quis
1131 4331 1235 4386 videtur
1253 4345 1316 4386 con·

85 4427 214 4480 bodecus
232 4438 299 4489 ease,
318 4439 367 4479 nos
392 4425 469 4478 talem
492 4424 708 4480 consuetudinem
734 4437 785 4478 noo
812 4421 950 4487 babemus,
968 4436 1054 4490 neque
1073 4423 1185 4476 Ecclesia
1204 4419 1260 4474 Dei.
1279 4419 1316 4487 (t.

85 4515 144 4570 Cur.
165 4517 209 4579 tl,
231 4513 284 4582 ld).
