3390 5096
525 337 654 386 rannus
677 335 883 386 concnussus.
1252 319 1316 386 205

87 460 354 547 quemadmodum
380 460 440 528 sub
461 461 596 529 articulo
620 461 706 527 11111ι
733 461 945 540 meminimus,
969 469 999 528 11
1015 461 1076 528 sub
1092 461 1226 528 articulo
1245 479 1317 546 pro-

87 567 177 635 xime
199 568 369 652 sequenti'
393 574 582 652 repetemus,
608 575 673 635 tum
698 568 740 634 ob
762 567 917 652 plurimos
939 575 1035 653 atque
1052 567 1207 634 maximos
1222 567 1318 634 sacri·

88 673 151 740 licli
179 673 291 740 missae
313 672 438 740 tructus
460 691 479 740 3
502 673 600 741 sacris
623 672 806 741 doctoribus
822 672 991 740 momoriae
1007 672 1146 759 proditos
1162 679 1193 738 et
1210 673 1318 758 paucis

86 780 149 847 sub
172 779 309 847 articulo
331 779 503 865 proximo⁸
527 779 651 847 anobis
666 779 873 865 attingendus
898 779 1015 866 quibus
1038 779 1096 846 ista
1120 779 1241 846 haeresi
1266 797 1319 846 11-

86 893 154 952 stra
178 893 210 952 11
233 885 433 971 triumphans
455 893 488 954 11
511 885 647 954 militans
670 893 701 953 et
725 886 896 971 purgans*
922 885 1055 954 Ecclesia
1079 885 1242 971 spoliatur,
1260 885 1318 952 boc

86 1002 145 1068 est,
171 993 225 1078 qui
250 992 378 1059 suntin
403 993 499 1071 caelo,
524 993 554 1059 in
580 1001 666 1060 terra
696 1001 728 1060 11
750 993 810 1059 sub
834 1001 928 1060 terra.
954 993 1046 1078 ¹Quis,
1080 1009 1147 1072 oro,
1182 992 1232 1058 cui
1271 993 1318 1060 vel

87 1100 118 1166 in
143 1106 210 1166 tolo
233 1116 366 1183 corpore
390 1117 454 1165 una
476 1099 639 1167 charitatis
663 1117 742 1166 rena
776 1099 885 1178 caleat,
918 1107 1003 1167 tanta
1035 1099 1131 1167 lolius
1167 1097 1319 1166 Ecclesiae

87 1207 211 1273 iactura
246 1223 307 1272 non
343 1206 546 1274 vehementer
578 1206 723 1284 indoleat,
758 1206 899 1274 maxime
933 1206 1060 1292 qruando
1096 1213 1158 1272 tam
1199 1205 1319 1272 frivolis

86 1313 181 1397 plane
203 1312 323 1380 cavillis
345 1319 377 1380 et
400 1313 529 1380 omnino
546 1313 747 1398 responsione
772 1313 905 1398 indignis
929 1313 1100 1399 simplicem
1117 1311 1231 1378 Cbristi
1258 1311 1319 1396 ple·

86 1417 232 1486 1111131
257 1418 288 1485 11
313 1426 375 1485 131
403 1419 579 1486 absurdum
613 1435 755 1486 errorem
793 1420 945 1486 hactenus
980 1417 1154 1486 inauditum
1187 1416 1318 1503 pellexi·

87 1524 156 1604 stis,
181 1524 278 1592 111111
313 1524 440 1610 quando
474 1526 535 1592 boc
566 1525 634 1592 loco
666 1525 792 1592 missam
824 1525 968 1610 colligitis
999 1542 1060 1591 non
1096 1541 1164 1591 esse
1199 1522 1319 1590 sacriti-

88 1629 185 1706 cium,
209 1630 293 1715 quod
318 1637 366 1697 est
393 1637 632 1698 monumentum
657 1629 813 1717 quoddam
838 1629 903 1698 slve
927 1629 1079 1696 memoria
1102 1631 1152 1714 (ut
1174 1628 1319 1696 Christus

86 1735 131 1801 ait
154 1736 229 1802 Luc.
261 1736 330 1818 ⁶22.)
358 1735 442 1802 illius
465 1735 609 1804 sacrificii
635 1736 725 1821 longe
749 1735 975 1821 pretiosissimi,
999 1735 1084 1821 quod
1108 1735 1174 1821 ipse
1204 1735 1318 1802 obtulit

87 1841 117 1908 in
143 1858 241 1909 cruce
264 1859 322 1927 pro
347 1842 481 1926 peccatis
503 1840 622 1909 mundi.
647 1841 722 1908 Nam
739 1841 764 1908 si
781 1841 857 1928 quid
883 1842 1076 1909 1311111113
1099 1841 1189 1920 ratio,
1213 1841 1317 1908 11111

89 1947 156 2032 lege
180 1953 324 2026 naturae,
347 1963 405 2014 nec
429 1947 460 2013 in
485 1948 552 2032 lege
576 1947 692 2033 scripta
715 1946 847 2014 luxissent
863 1943 957 2031 (176)
973 1947 1038 2014 1113
1053 1947 1215 2014 sacrificia.
1233 1947 1319 2014 Sicut

88 2054 172 2120 enim
198 2052 290 2120 bodie
315 2053 391 2138 legis
413 2053 532 2138 gratiae
556 2053 758 2131 sacrificium,
781 2071 877 2138 quam
915 2053 1087 2121 vocitamus
1109 2053 1248 2132 missam,
1271 2059 1319 2119 est

89 2159 194 2243 imago
219 2159 469 2238 rememorativa,
492 2159 536 2225 ita
557 2159 631 2224 olim
656 2157 810 2227 sacrificia
842 2159 1017 2245 superioris
1050 2159 1219 2244 utriusque
1243 2158 1319 2244 legis

90 2263 196 2330 omnia
222 2262 352 2331 luerunt
375 2263 560 2349 figurativae
583 2263 734 2350 imagines
758 2263 840 2332 unici
866 2264 950 2332 illius
973 2265 1116 2332 sacrificii
1142 2263 1232 2349 longo
1247 2281 1319 2349 pre-

89 2369 262 2448 tiosissimi,
284 2363 371 2456 quod
404 2386 463 2456 pro
497 2369 631 2454 peccatis
667 2369 774 2437 muudi
799 2369 943 2438 Christus
970 2370 1001 2436 in
1030 2387 1125 2438 cruce
1149 2369 1213 2436 Deo
1236 2367 1316 2454 patri

88 2475 214 2542 obtulit.
239 2475 325 2542 Unde
348 2475 379 2541 iu
405 2475 594 2543 revelatione
618 2475 698 2542 beati
723 2476 844 2542 loannis
860 2495 981 2561 ugnus,
998 2493 1112 2561 nempe
1129 2476 1214 2542 lesus
1229 2475 1318 2541 Chri·
1341 2491 1486 2550 3111131.

89 2587 168 2661 stus,
192 2579 237 2646 ub
260 2580 390 2668 origine
403 2581 524 2648 mundi
538 2581 668 2648 occisam
683 2580 809 2660 dicitur,
827 2581 976 2650 nimirum
997 2583 1027 2648 iu
1045 2587 1119 2667 typo
1134 2582 1200 2648 sive
1216 2581 1319 2666 figura
1484 2585 1486 2590 “

90 2695 235 2754 1111111
260 2686 497 2754 sacrificiorum.
514 2687 550 2754 tt
574 2687 656 2754 sicut
678 2705 770 2756 nemo
787 2687 916 2772 proinde
932 2687 1060 2768 dixerit,
1078 2687 1129 2753 illa
1145 2706 1206 2754 uon
1223 2686 1319 2754 luisse

89 2791 255 2870 sacrificia,
279 2791 323 2860 sic
346 2809 475 2878 quoque
498 2809 590 2860 nemo
614 2811 682 2861 eam
716 2793 756 2860 ab
791 2811 917 2860 causam
942 2802 1027 2861 recte
1050 2793 1167 2860 dixerit
1191 2793 1316 2860 missam

88 2917 150 2966 non
174 2915 245 2966 esse
268 2897 468 2966 sacrificium.
492 2898 574 2983 Quin
599 2899 703 2984 potius
726 2898 886 2966 diversum
903 2917 920 2967 e
936 2899 1089 2966 diametro
1104 2899 1317 2984 consequitur.

89 3005 196 3072 Solent
219 3003 314 3082 enim,
339 3003 441 3089 inquit
464 3005 667 3090 Augustinus,
691 3005 841 3090 imagines
864 3023 973 3072 earum
1002 3023 1111 3072 11111
1140 3005 1320 3072 nominibus

88 3111 253 3196 appellari,
275 3127 414 3196 quarum
437 3109 588 3196 imagines
603 3117 687 3178 sunt.
705 3109 927 3178 Verumtamen
945 3111 1098 3178 immenso
1113 3110 1208 3178 distat
1223 3111 1320 3178 inter·

89 3217 171 3283 uallo
186 3221 333 3283 nostrum
351 3215 411 3283 boc
426 3216 557 3284 unicum
581 3216 695 3284 missae
718 3216 907 3284 sacrificium
931 3217 1048 3284 abillis
1069 3217 1239 3284 ueteribus.
1258 3217 1320 3284 lllic

89 3323 171 3389 euim
198 3322 301 3408 imago
324 3321 390 3389 sola
414 3321 482 3402 luit,
507 3321 558 3390 bic
582 3340 657 3390 vero
692 3330 818 3408 praeter
842 3323 1007 3409 imaginem
1033 3323 1100 3408 ipsa
1123 3339 1250 3409 quoque
1275 3323 1318 3390 rel

91 3428 227 3508 ueritas;
251 3427 304 3495 1113
326 3427 482 3495 duntaxat
505 3429 629 3496 eminus
652 3446 688 3496 31
711 3429 846 3496 obscure
872 3427 1113 3496 immolationem
1138 3438 1169 3496 11
1185 3429 1317 3496 bostiam

91 3535 198 3602 crucis
221 3532 461 3614 adumbrabant,
486 3535 544 3601 boc
578 3542 685 3602 autem
721 3551 795 3601 1111
825 3551 870 3630 ac¹
894 3534 995 3602 vivide
1018 3543 1232 3621 repraesentat
1256 3535 1321 3601 Deo

92 3641 172 3724 patri
199 3639 304 3708 crucis
326 3639 525 3720 oblationem,
550 3641 681 3708 exbibet
703 3649 798 3727 atquc
822 3641 924 3721 ollert,
959 3641 1186 3720 1131111111,
1211 3647 1247 3708 ut
1269 3659 1320 3708 ea·

91 3746 160 3815 dem
186 3746 357 3832 utrobique
382 3763 433 3814 res
455 3746 559 3814 oblata
582 3747 622 3814 sil
645 3747 1319 3826 111111113111113111,311111311111111113

91 3853 128 3920 sit
153 3853 196 3919 ob
227 3851 384 3938 disparem
419 3852 567 3920 olterendi
606 3853 757 3920 rationem
780 3871 817 3920 ac
849 3853 988 3933 modum,
1024 3853 1156 3938 ideoque
1191 3861 1319 3939 propter

91 3959 222 4027 eandem
260 3958 393 4026 bostiam
430 3960 555 4039 veritas,
579 3967 611 4026 at
642 3966 771 4044 propter
805 3960 992 4027 oblationem
1029 3959 1183 4026 diuersam
1221 3959 1322 4045 imago

92 4065 156 4132 sire
190 4064 341 4132 memoria
368 4065 419 4144 sil,
442 4073 473 4132 et
500 4065 689 4132 sacrificium
720 4066 950 4151 quodammodo
974 4066 1067 4146 idem,
1090 4065 1322 4152 quodammodo

92 4171 264 4250 diuersum,
290 4179 385 4257 prom
420 4171 449 4238 id
484 4172 621 4240 nominis
654 4181 710 4238 aut
739 4191 796 4258 pro
825 4190 860 4238 re
890 4181 946 4239 aul
977 4191 1035 4257 pro
1065 4172 1220 4239 oblatione
1257 4173 1322 4257 ipsa

153 4305 165 4326 ·
186 4307 235 4352 «et
250 4318 376 4364 purgans»
397 4305 471 4352 deest.

164 4517 173 4550 ¹
197 4519 319 4572 111111.
625 4518 636 4550 ¹
654 4533 680 4586 p.
702 4519 814 4586 (raa-a.)
1115 4515 1126 4548 ¹
1146 4519 1274 4587 1.(111.)
