3390 5096
379 297 441 362 lit
691 314 887 364 consummo
910 315 1142 363 turuanamsm
1166 315 1283 363 navicu.

374 439 630 524 aequivocatione
654 421 867 518 illudentibus,
892 457 1039 524 prorsum
1063 439 1223 506 dissolutis
1246 445 1340 525 atque
1360 439 1518 516 contritis
1537 439 1607 524 qui-

374 544 435 611 hus
459 553 579 612 tautum
616 545 759 612 evincitis
789 545 943 613 invisibile
975 546 1184 613 sacerdotium
1216 546 1313 632 (quod
1344 553 1392 613 est
1417 544 1607 612 translatitie

373 651 508 732 dictum)
531 669 599 718 esse
630 651 776 717 omnihus
807 669 983 731 columnae,
1007 651 1092 736 quod
1127 653 1213 718 ultro
1235 652 1357 731 damus,
1390 651 1606 718 sacerdotium

375 756 496 822 visihile
520 757 616 842 (quod
641 765 688 824 est
713 758 840 842 proprie
862 757 1007 837 dictmu),
1026 759 1185 842 peculiare
1200 757 1389 843 quibusdam
1408 757 1439 823 in
1456 757 1608 838 Ecclesia,

375 862 477 930 lusius
499 864 660 949 aliquanto
684 862 869 947 firmiusque
892 863 952 929 suh
975 864 1110 930 articulo
1134 865 1194 930 iam
1219 871 1370 948 seqvmute
1385 862 1605 930 adstruamus.

698 1074 901 1141 lutterhus
925 1074 1086 1142 utcttlus
1109 1073 1277 1141 tutinus,

465 1287 592 1353 Nullum
616 1305 684 1352 esse
710 1285 829 1351 visibile
853 1285 900 1351 vel
925 1293 1094 1352 externum
1119 1284 1339 1352 sacerdotium.

898 1495 1073 1584 Responsio.

464 1711 544 1777 Nihil
569 1711 628 1777 hoc
651 1710 785 1777 articulo
810 1710 926 1789 verius,
950 1709 1104 1796 siquidem
1131 1727 1247 1776 novum
1272 1717 1493 1777 testamentum
1516 1707 1607 1776 aliud

375 1818 474 1884 nescit
497 1817 717 1896 sacerdotium,
741 1835 924 1902 quamquo
948 1835 1057 1883 omnes
1079 1817 1246 1884 Christiani
1271 1833 1313 1883 ex
1337 1833 1439 1902 aequo
1463 1824 1539 1884 suot
1556 1833 1606 1882 sa-

375 1923 517 1990 cerdotes
540 1941 597 2008 per
620 1923 790 1989 Christum.
816 1923 873 1989 Sed
898 1922 958 1989 alia
982 1923 1101 1990 ratione
1127 1922 1266 2007 loquitur
1288 1921 1328 1989 de
1352 1921 1399 2001 iis,
1420 1923 1474 2008 qni
1501 1923 1609 1989 Eccle-

375 2029 438 2095 siae
463 2029 690 2114 praehciuntur
714 2047 755 2096 ex
780 2047 933 2095 consensu
958 2027 1168 2095 multitudinis
1191 2028 1221 2094 iu
1257 2026 1344 2094 verbi
1368 2035 1400 2094 et
1428 2045 1608 2094 sacramen·

376 2143 480 2201 turum
506 2135 732 2202 ministratione
755 2135 888 2220 aliisque
911 2135 1022 2201 officiis
1045 2132 1241 2212 exercendis,
1264 2151 1346 2220 quae
1374 2134 1528 2202 ministris
1554 2133 1608 2198 Ec·

375 2242 486 2308 etesiae
510 2241 707 2320 incumbunt,
731 2259 812 2327 quiae
838 2241 894 2308 nisi
922 2247 1049 2307 vocatus
1073 2257 1164 2306 nemo
1188 2239 1246 2308 sihi
1263 2239 1399 2307 vindicet
1413 2239 1440 2318 ⁸,
1456 2248 1493 2307 ut
1510 2239 1606 2306 latins

376 2347 405 2413 in
431 2347 572 2433 sequenti
598 2347 732 2414 articulo
756 2347 953 2432 explicamus
965 2345 1007 2411 **.

892 2502 1080 2575 conluuio.

465 2669 544 2736 Nihil
571 2670 629 2736 hoc
652 2669 787 2735 articulo
809 2685 882 2735 cum
906 2668 989 2734 omui
1028 2666 1229 2752 responsione
1252 2666 1370 2734 falsius.
1396 2667 1471 2734 Nam
1503 2676 1605 2736 totum

375 2777 457 2862 qvvod
484 2776 533 2842 hic
557 2775 683 2854 dicitur,
709 2781 799 2842 vetus
823 2775 1054 2842 lvaeroticorum
1079 2781 1290 2842 commentum
1319 2781 1366 2841 est
1391 2774 1448 2857 (uti
1479 2783 1549 2861 post
1574 2775 1605 2840 in

375 2883 458 2948 ealce
476 2882 549 2948 llVl.
571 2883 694 2948 articuli
710 2885 720 2922 ¹
744 2881 969 2963 ostendemus),
994 2899 1056 2946 non
1080 2897 1121 2946 ex
1146 2882 1269 2948 sincero
1284 2889 1389 2948 autem
1407 2881 1533 2962 iudicio,
1550 2879 1605 2948 sed

375 3007 416 3054 ex
441 2986 533 3070 (142)
558 2995 711 3055 venenato
735 2987 809 3054 cleri
833 2987 904 3053 odio
928 2988 958 3053 in
985 2987 1083 3072 plehis
1105 2987 1256 3065 favorem,
1273 2987 1438 3054 sacerdotii
1460 2987 1606 3055 funditus

374 3094 605 3160 exterminandi
630 3095 741 3178 gratia,
765 3094 978 3178 excogitatum
1002 3111 1038 3159 ac
1062 3093 1258 3172 ementitum,
1282 3098 1391 3178 utpote
1414 3111 1475 3159 non
1501 3095 1604 3161 solum

374 3201 414 3266 ah
437 3200 521 3265 omni
547 3200 715 3285 scriptura,
740 3217 850 3266 verum
883 3200 976 3266 etiam
1008 3199 1048 3266 ah
1078 3199 1163 3265 omni
1188 3215 1320 3284 prorsus
1344 3198 1464 3266 ratione
1488 3199 1605 3267 ahhor-

376 3325 458 3374 rens.
484 3307 682 3390 Quapropter
706 3306 762 3372 etsi
790 3313 893 3372 vestro
916 3305 1042 3391 quidem
1068 3323 1161 3372 sensu
1179 3305 1324 3390 reprobo,
1343 3305 1372 3371 in
1388 3322 1484 3390 quem
1505 3323 1525 3372 a
1543 3307 1605 3373 Deo

376 3412 435 3478 iarn
463 3411 582 3498 pridem
608 3412 710 3478 traditi
736 3413 820 3490 estis,
846 3429 961 3477 novum
988 3417 1207 3478 testamentum
1231 3410 1316 3478 alind
1341 3410 1440 3478 nescit
1459 3413 1604 3480 sacerdo

376 3519 465 3597 tium,
490 3535 585 3603 quiam
609 3537 673 3604 quo
696 3537 806 3586 orirnes
829 3517 997 3584 Christiani
1033 3535 1074 3584 ex
1108 3535 1209 3602 aequm
1244 3525 1318 3584 sunt
1345 3517 1525 3585 sacerdotes
1549 3536 1605 3605 per

375 3625 547 3700 Christum,
572 3624 655 3710 quod
679 3626 842 3691 sacerdotii
868 3643 967 3709 geritis
991 3643 1048 3690 nos
1079 3627 1237 3691 internum
1266 3641 1302 3692 ac
1326 3623 1481 3690 invisibile
1513 3625 1605 3692 modo

375 3731 532 3808 diximum
558 3739 659 3796 mitten
678 3733 729 3763 *⁴¹*
753 3732 1004 3798 orthodoxorum
1031 3739 1156 3816 patrum
1185 3748 1279 3797 sensu
1304 3733 1411 3816 (quem
1438 3731 1469 3795 iu
1502 3732 1605 3816 primo
1687 3809 1688 3820 ἢ

376 3855 546 3921 congressu
563 3855 747 3921 geroianum
766 3856 940 3922 verumque
959 3837 1111 3921 Evangelii
1138 3855 1264 3904 sensum
1289 3855 1357 3902 esse
1378 3835 1547 3904 docuimus
1563 3838 1605 3922 ⁸),
1687 3907 1688 3910 ,

376 3961 492 4009 novum
519 3950 738 4011 testamentum
763 3944 847 4010 aliud
872 3943 1036 4010 sacerdotii
1060 3961 1160 4028 gentis
1191 3943 1380 4030 quibusdam
1406 3943 1436 4009 in
1468 3942 1604 4012 Ecclesia

439 4077 449 4097 “
468 4076 584 4123 vendicat.
974 4075 997 4095 '⁸
1014 4075 1165 4134 explicemus.

440 4157 474 4177 ‘⁶'
492 4159 552 4204 tum.

381 4307 645 4317 ———--

449 4415 457 4446 ¹
479 4417 545 4470 lutra
567 4415 654 4466 tut-t.

449 4503 459 4536 ⁹
480 4507 563 4570 Supra
583 4504 625 4556 51.
646 4499 737 4554 ott-tt.
