3378 5082
348 221 390 286 bl
663 237 859 287 coururarto
882 237 1114 285 nurueaaursm
1138 237 1255 284 nasici.

347 369 415 430 tnm
439 362 481 429 ob
504 362 634 448 spiritus
647 361 746 429 sancti
774 363 804 428 in
829 363 888 428 boc
911 361 973 428 dati
996 361 1230 448 benignitatem,
1255 362 1309 447 qui
1330 369 1377 428 est
1400 367 1591 446 perpetuus

347 469 500 537 Ecclesiae
523 477 640 548 custos
662 468 730 535 dux
753 476 849 554 atque
873 469 1029 555 magister.
1053 468 1258 535 Consentiunt
1272 475 1378 535 autem
1402 467 1524 552 ubique
1543 467 1589 532 iis

346 575 378 643 in
403 575 510 655 rebus,
533 593 615 662 quae
638 575 674 642 ad
694 574 785 642 iidem
809 583 961 661 spectant,
978 583 1013 642 ut
1036 593 1117 660 quae
1134 594 1198 641 una
1221 575 1262 642 sit
1277 584 1308 641 et
1332 575 1427 641 totius
1449 579 1588 639 nostrae

347 683 457 750 salutis
488 681 735 749 tundamentum.
761 685 970 768 Quapropter,
994 690 1030 749 ut
1053 682 1083 748 in
1110 681 1288 748 huiusmodi
1313 681 1410 748 rebus
1434 679 1585 748 universi

346 797 452 876 patres
477 788 679 875 Evangelinm
697 789 939 874 interpretantes
963 788 1142 855 hallucinati
1168 788 1231 854 sint
1245 788 1364 873 aliquot
1387 787 1588 854 centenariis

347 913 514 975 annorum,
538 895 606 963 fieri
632 913 693 962 non
717 902 828 980 potest.
853 896 952 962 Taceo
976 894 1112 979 plurima
1135 901 1166 960 et
1189 893 1314 980 quidem
1338 892 1454 960 eximia
1480 892 1585 958 mira-

347 1001 429 1082 cula,
453 1001 594 1068 historiis
616 1001 677 1068 side
700 1001 802 1086 dignis
825 1001 957 1086 prodita,
981 999 1098 1085 quibrrs
1126 1007 1252 1085 patrum
1289 1007 1321 1066 et
1343 997 1511 1066 eruditioni
1549 1005 1590 1063 et

347 1109 570 1176 sanctimoniae
594 1107 678 1175 Deus
700 1108 838 1193 optimos
854 1108 1012 1174 maximus
1036 1107 1148 1192 partim
1174 1107 1205 1173 in
1223 1108 1285 1173 rita
1308 1107 1422 1192 partim
1438 1125 1456 1172 a
1474 1113 1587 1172 morte

346 1215 385 1282 ad
409 1214 501 1282 tidem
526 1214 717 1300 posteritatis
740 1213 984 1281 confirmandam
1008 1231 1099 1298 saepe
1134 1213 1344 1280 testimonium
1377 1211 1586 1298 perhibuisse

178 1335 325 1434 ‘plump
347 1329 506 1388 narratur.
532 1323 568 1387 lt
591 1321 669 1387 nihil
692 1319 872 1388 huiusmodi
906 1319 1048 1388 factionis
1071 1327 1193 1388 vestrae
1226 1320 1399 1387 doctrinam
1429 1319 1459 1385 in
1494 1319 1586 1386 hanc

177 1441 328 1548 igtnpffffi
347 1433 432 1496 certe
455 1427 566 1494 horam
590 1426 821 1494 commendarit
855 1444 1006 1513 unquam,
1041 1425 1098 1492 nisi
1122 1426 1203 1494 iorte
1238 1425 1390 1492 miracula
1421 1431 1587 1492 vocentur

225 1549 283 1604 gatti.
347 1532 444 1600 vestri
467 1533 559 1599 istius
583 1532 736 1618 Evangelii
762 1532 857 1600 llores
879 1539 974 1618 atque
998 1532 1147 1599 tructus¹
1176 1533 1274 1600 multe
1299 1531 1462 1609 uberrimi,
1492 1531 1583 1597 blas-

347 1638 490 1724 phemiae
512 1647 543 1706 el
566 1640 772 1706 contumeliae
797 1639 826 1705 in
851 1639 1010 1706 Christum
1034 1638 1245 1724 dirorumque
1268 1644 1388 1706 statuas
1411 1645 1442 1704 et
1464 1637 1584 1722 imagi-

346 1762 412 1822 nes,
437 1746 554 1829 prohra
578 1745 608 1812 in
645 1745 809 1831 Deiparam
846 1746 997 1832 virginem
1036 1745 1173 1824 llariam,
1209 1745 1348 1812 convicia
1378 1745 1409 1810 in
1438 1752 1585 1822 sanctos,

347 1851 485 1932 nefarius
509 1869 616 1919 sacrae
640 1852 854 1920 Eucharistiae
876 1852 1005 1930 abusus,
1030 1852 1204 1936 profanatio
1224 1859 1503 1928 sacramentorum,
1526 1851 1583 1917 di-

347 1957 491 2025 uinarum
517 1959 680 2025 literarum
705 1958 902 2037 adulteratio,
926 1959 1087 2043 neglectus
1119 1975 1248 2043 precurn
1284 1957 1497 2036 horariarum,
1520 1975 1584 2024 vo-

347 2070 452 2130 torum
477 2065 750 2150 transgressiones,
775 2065 1000 2132 monachorum
1031 2065 1235 2132 scortationes
1267 2064 1420 2149 publicae,
1444 2082 1584 2150 sponsa-

346 2187 418 2236 rum
442 2170 556 2238 Christi
582 2171 863 2238 sanctimonialium
887 2179 996 2256 aperta
1018 2180 1139 2256 stupra,
1165 2171 1316 2238 Ecclesiae
1346 2171 1581 2238 Ecclesiastico-

347 2293 482 2362 mmque
505 2278 646 2345 omnium
671 2278 832 2345 insectatio
852 2285 884 2345 et
906 2277 1116 2362 depraedatio,
1135 2277 1323 2344 ieiuniorum
1347 2275 1482 2355 violatio,
1500 2295 1581 2344 con-
1669 2267 1670 2272 ’

346 2387 484 2467 templus
512 2384 723 2469 superiorum,
759 2384 976 2463 inobedientia,
1014 2384 1152 2462 rebellio,
1186 2383 1350 2462 discordia,
1382 2383 1581 2461 inimicitiae,

345 2489 570 2568 contentiones,
595 2489 695 2567 rixae,
719 2490 970 2568 obtrectationes,
995 2489 1218 2566 maledicentia,
1250 2497 1362 2569 sectae,
1386 2489 1476 2568 bella,
1501 2489 1581 2556 bre-

416 2736 426 2769 ¹
446 2739 499 2791 llos
515 2738 624 2807 [ructes
642 2741 667 2791 in
687 2739 748 2794 Nol.
769 2740 799 2803 (ii
821 2739 873 2806 db)
895 2741 926 2792 ita
947 2739 1071 2794 describit
1090 2739 1272 2793 llerbornees:
1293 2739 1396 2794 Nattae
1410 2739 1581 2808 Syrtegepue

343 2825 396 2897 filii
411 2827 479 2880 adeo
497 2841 548 2880 non
569 2827 702 2880 imitantur
720 2828 861 2891 Christum,
881 2837 909 2881 ut
927 2829 960 2881 ad
980 2829 1103 2896 qtramris
1122 2830 1210 2894 potius
1229 2836 1335 2894 sectam,
1355 2841 1434 2894 qrram
1454 2827 1487 2881 ad
1508 2829 1582 2880 chri·

345 2915 489 2968 stianorum
510 2915 698 2981 rempublicam
718 2923 837 2982 spectare
857 2917 960 2970 diteris.
981 2917 1056 2971 Certe
1074 2914 1438 2986 praeeminentissimam
1450 2915 1580 2970 hoedum

344 3001 461 3058 vidimata
480 3002 612 3070 meliores,
635 3005 683 3074 qui
700 3019 735 3060 aar
754 3005 805 3060 leuc
821 3005 993 3075 prodierunt.
1007 3005 1067 3060 Nisi
1084 3005 1133 3060 ltoc
1151 3005 1186 3060 sit
1203 3019 1260 3060 esre
1275 3003 1460 3074 deneardum,
1474 3018 1581 3074 repere

344 3091 443 3158 almeo,
465 3096 582 3148 evertere
598 3107 689 3159 ruore,
709 3093 859 3150 rescindere
882 3094 970 3149 omnes
989 3094 1126 3149 tremerem
1153 3094 1286 3150 socirtetrs
1309 3093 1425 3163 [cedere
1444 3096 1581 3162 stuprare

344 3179 463 3249 virginer
482 3183 536 3234 Deo
555 3179 671 3249 deeotes,
690 3197 793 3253 pergae
811 3184 888 3253 nesea
906 3199 1007 3254 pergae
1019 3183 1193 3252 tyrannidem
1211 3199 1292 3238 arerem
1306 3181 1406 3252 dogma
1424 3181 1578 3249 inculcare,

344 3268 457 3322 caudari
471 3267 579 3338 probos,
600 3270 672 3325 intre
692 3272 797 3326 mortale
816 3273 906 3342 [orere
923 3271 985 3342 {idei
997 3272 1092 3326 testes.
1112 3273 1189 3339 hupert
1210 3273 1242 3326 ad
1257 3275 1326 3325 tione
1339 3272 1458 3333 modum,
1469 3277 1494 3323 et
1507 3271 1582 3322 Tur-

344 3371 391 3410 cae
409 3365 435 3411 et
452 3357 561 3425 quilibet
579 3361 681 3424 tyranni
701 3361 796 3414 iactare
817 3369 925 3427 possunt
944 3361 1125 3426 Evangelium.
1145 3362 1246 3428 Quotus
1264 3360 1335 3414 enim
1355 3374 1384 3413 ex
1405 3359 1436 3410 iis
1455 3373 1506 3411 non
1521 3373 1580 3412 me·
1669 3361 1670 3378 ¹

344 3445 442 3499 dltatur
461 3445 546 3498 bellat
565 3449 621 3501 Non
635 3456 756 3502 cruentas
770 3451 838 3503 iaces
852 3448 990 3502 moenibus
1004 3450 1137 3502 immittit?
1148 3450 1199 3516 Qui
1214 3451 1275 3502 olim
1288 3449 1323 3502 ad
1336 3447 1396 3501 lldei
1410 3455 1578 3502 sacramenta

344 3547 402 3587 sese
420 3536 586 3589 contulerunt
606 3536 746 3602 principes
765 3553 871 3591 erexere
899 3527 1045 3602 Ecclesias,
1063 3539 1180 3591 donariis
1200 3538 1296 3602 multis,
1315 3551 1394 3590 censo
1424 3536 1579 3601 sufficienti,

344 3623 488 3688 privilegiis
507 3625 755 3678 munificentissimis
773 3627 881 3693 collegio
905 3628 1090 3690 iustrruerunt,
1102 3627 1260 3680 roborarunt
1272 3640 1303 3678 ac
1316 3626 1461 3678 llrmarunt.
1476 3623 1577 3678 Contra

344 3712 390 3779 qui
409 3727 466 3764 sese
486 3713 548 3765 iisce
568 3714 731 3780 temporibus
750 3716 844 3769 lactant
864 3715 938 3768 reret
958 3715 1039 3768 diuini
1058 3717 1218 3780 defensores,
1237 3722 1316 3782 atque
1344 3715 1378 3767 ad
1403 3713 1429 3765 id
1448 3711 1578 3766 odonibus

343 3800 530 3853 hisinuandum
550 3815 694 3866 praecones
721 3805 851 3871 qirosdam
881 3805 990 3870 insignis
1015 3805 1179 3871 loquacitatis
1207 3805 1418 3865 circumvehunt,
1445 3801 1577 3866 diripiunt

344 3903 405 3940 vasa
425 3903 508 3950 sacra,
527 3891 638 3954 spoliant
656 3891 779 3944 dirorum
800 3893 935 3958 imagines,
956 3899 981 3946 et
1000 3895 1071 3960 qttod
1091 3893 1208 3946 oinninrn
1228 3892 1450 3954 scelestissimum,
1469 3904 1576 3943 sacram

344 3978 532 4030 Ericliaristiam
551 3978 644 4042 rident,
665 3981 704 4044 (S)
723 3980 910 4034 exorbitante
929 3995 996 4048 qtras
1015 3997 1067 4034 nain
1082 3981 1230 4048 tragoedias
1250 3982 1411 4034 moliunturt
1429 3981 1500 4046 Quas
1517 3993 1576 4032 non

344 4065 452 4119 technas
471 4066 649 4132 exordiuntur,
669 4077 697 4121 ut
715 4071 827 4122 corrasis
847 4071 964 4137 undique
983 4071 1108 4136 pecrudis,
1128 4084 1158 4122 ac
1178 4071 1306 4135 gregariis
1329 4067 1489 4137 quibusdam
1509 4069 1580 4122 mili·

344 4153 414 4206 tibus
433 4156 537 4222 coactis,
549 4157 613 4208 alios
632 4156 667 4218 vi,
687 4157 751 4210 alios
771 4165 850 4221 rnetrt,
870 4159 925 4210 aliis
945 4159 1005 4212 item
1025 4159 1125 4212 artibus
1144 4161 1208 4212 alios
1235 4159 1284 4211 sibi
1304 4158 1464 4211 subiicientt
1483 4159 1576 4224 ltaqrre

344 4242 408 4295 nihil
428 4243 469 4296 hic
488 4245 619 4308 agnoscis
637 4245 709 4310 qtrod
729 4247 809 4310 aphet
820 4247 960 4310 Christum,
975 4248 1045 4312 nihil,
1058 4249 1130 4316 qrrod
1151 4248 1270 4313 spiritum
1285 4248 1358 4314 pacis
1377 4254 1402 4300 et
1415 4245 1577 4299 concordiae

345 4333 510 4397 magistrum.
529 4334 579 4398 ipsi
599 4347 627 4384 se
645 4333 857 4399 suis’perperam
886 4337 959 4390 luetis
987 4337 1110 4402 produnt,
1139 4337 1260 4404 adeoque
1278 4337 1419 4389 ostendunt
1446 4335 1479 4387 ad
1504 4336 1578 4388 Anti·

344 4420 433 4473 christi
453 4435 564 4485 regnum
584 4421 723 4487 pertinere.
743 4424 807 4474 Sunt
826 4423 895 4476 enlm
915 4427 1065 4480 charactere
1085 4423 1185 4479 bestiae
1205 4425 1317 4492 insigniti
1337 4433 1363 4478 et
1381 4425 1473 4478 notati.
