3378 5082
529 332 642 380 antuus
664 331 870 381 couenasscs.
1270 318 1308 382 til

91 474 287 524 communem
315 457 468 542 Evangelii
493 473 619 524 sensum
643 475 685 524 ex
716 457 911 543 temporibus
934 458 1150 544 Apostolorum
1175 475 1233 526 ceu
1257 475 1313 545 per

92 580 203 630 manus
226 561 377 631 traditum
401 563 433 628 in
458 563 534 630 haec
558 579 659 648 usqne
684 570 824 648 tempora
847 581 1019 632 servamus.

181 669 339 736 Postremo
362 668 466 747 dicite,
488 686 554 748 oro,
580 669 609 735 iu
633 687 770 755 otiorum
794 667 909 736 iudicio
933 670 1056 737 tandem
1078 670 1154 738 haec
1177 678 1315 757 quatuor

95 775 266 860 Evangelia,
282 774 401 860 quihus
416 775 548 855 utimur,
565 775 721 854 Matthaei,
737 774 841 855 llarci,
858 776 959 843 Lucae
974 781 1006 844 et
1022 776 1143 844 loannis
1166 785 1314 864 tanquam

89 889 182 959 γνήσια
209 889 240 948 et
269 899 345 948 vera
369 881 540 966 recepistis,
573 880 643 947 aliis
665 881 790 948 interim
826 899 883 955 ceu
919 882 1024 949 nothis
1057 889 1089 950 et
1111 882 1316 968 supposititiis

92 989 269 1074 (Evangelia
293 987 377 1055 enim
401 986 493 1055 modo
515 986 753 1073 quattuordecim
778 988 809 1054 in
833 987 965 1054 exordio
988 988 1143 1055 nascentis
1165 988 1316 1056 Ecclesiae

90 1093 408 1166 circumferebantur)
430 1112 450 1159 a
472 1093 560 1160 vohis
583 1092 777 1178 repudiatis?
800 1095 843 1159 hu
868 1113 928 1161 nou
953 1095 1107 1162 maiorum
1135 1101 1315 1162 nostrorum

94 1202 208 1268 iudicio
229 1200 313 1280 freti,
338 1199 590 1267 orthodoxorum
613 1200 732 1267 scilicet
756 1201 907 1268 Ecclesiae
930 1207 1081 1286 patrant
1103 1200 1190 1286 Quod
1216 1200 1240 1268 si
1265 1218 1318 1268 eo-

92 1326 162 1374 rum
186 1307 276 1375 statis
299 1315 330 1373 el
353 1305 550 1391 acquiescitis
575 1305 699 1385 iudicio,
730 1325 795 1394 quo
829 1307 905 1374 haec
940 1315 1079 1393 quatuor
1114 1307 1276 1393 Evangelia
1299 1325 1318 1372 a

91 1415 203 1482 ceteris
224 1412 412 1481 adulterinis
434 1419 647 1492 secreverunt,
671 1431 730 1480 cur
753 1431 815 1480 non
840 1413 913 1481 item
937 1414 1109 1481 sententiae
1132 1431 1243 1481 eorum
1274 1413 1318 1480 in·

93 1521 375 1608 terpretationique
397 1519 523 1587 creditis
546 1526 578 1586 et
599 1519 786 1599 adhaeretis,
802 1538 865 1606 qua
881 1521 957 1587 haec
978 1521 1044 1606 ipsa
1059 1527 1196 1607 quatuor
1220 1521 1317 1587 Evau-

92 1629 171 1714 gelia
195 1626 330 1714 posteris
356 1630 567 1692 enarraruntt
597 1626 672 1693 llam
703 1627 728 1694 si
761 1631 945 1712 praeceptor
977 1611 1129 1694 Ecclesiae
1159 1626 1317 1712 spiritus¹

91 1742 221 1802 sanctus
251 1751 305 1800 eos
340 1731 371 1800 io
414 1732 472 1799 hoc
506 1731 684 1812 illustravit,
719 1741 756 1798 ut
791 1733 868 1799 haec
898 1739 1035 1818 quatuor
1067 1732 1231 1818 Evangelia
1260 1749 1318 1798 ceu

94 1860 168 1908 tera
192 1859 234 1908 ex
259 1847 306 1906 tot
328 1839 398 1907 aliis
420 1839 581 1924 potuerint
596 1839 737 1924 seligere,
760 1857 819 1906 cur
842 1858 903 1906 nou
925 1839 1067 1906 similiter
1091 1857 1163 1906 eum
1187 1839 1272 1923 ipsos
1288 1838 1318 1905 in

93 1949 151 2014 hoc
175 1965 306 2033 quoque
331 1947 504 2015 illustrasse
527 1946 765 2026 crediderimus,
788 1954 824 2013 ul
854 1965 891 2014 ea
921 1946 1012 2014 nohis
1043 1946 1102 2012 rite
1132 1952 1162 2012 et
1187 1944 1319 2012 fideliter

89 2055 255 2140 explicare
279 2059 430 2139 possenti
452 2056 610 2139 Quorsum
627 2054 709 2121 enim
728 2053 881 2139 proluerit
899 2053 1049 2120 Ecclesiae
1064 2052 1136 2119 data
1159 2069 1226 2120 esse
1242 2069 1319 2137 urra-

92 2169 165 2228 tuor
191 2160 368 2246 Evangelia,
390 2161 429 2227 ad
452 2179 589 2246 quornm
606 2161 799 2246 praescripta
817 2159 910 2226 vitam
935 2168 1110 2246 componat,
1133 2167 1165 2226 al
1184 2177 1221 2226 ea
1236 2165 1319 2244 post·

91 2265 235 2345 morium,
260 2285 320 2333 nou
345 2274 381 2333 ut
410 2275 545 2352 oportet,
573 2267 753 2334 intellecta?
776 2267 1027 2353 quandoquidem
1060 2266 1224 2348 lutetiam
1248 2273 1320 2332 ante

87 2373 250 2450 diximus)
276 2373 468 2440 tantumdem
493 2373 623 2458 periculi
652 2373 693 2440 sil
726 2381 781 2439 aul
815 2371 888 2458 plus
923 2373 1028 2451 etiam,
1064 2380 1095 2440 et
1120 2371 1320 2458 Evangelium

89 2479 223 2546 omnino
246 2497 308 2545 non
334 2480 484 2565 recipere,
507 2487 538 2546 et
554 2486 715 2564 receptum
739 2479 921 2564 depravare.
938 2461 1137 2564 Quapropter
1153 2491 1237 2562 (mea
1251 2478 1322 2564 qui·
1348 2495 1478 2604 pum·

88 2585 164 2652 dem
188 2585 358 2666 sententia)
381 2584 433 2651 ille
455 2585 533 2652 citra
556 2603 650 2652 omne
679 2584 810 2651 dubium
839 2602 1009 2670 germanus
1031 2602 1067 2650 ac
1100 2601 1195 2651 verus
1224 2584 1322 2650 Evan-
1371 2613 1455 2648 nnn.

88 2691 164 2776 pelli
190 2707 305 2758 sensns
331 2691 438 2758 haberi
462 2691 503 2757 ah
524 2691 670 2759 omnihus
692 2690 784 2757 dehet
807 2691 838 2757 in
860 2691 955 2758 rehus
977 2690 1016 2758 ad
1040 2687 1110 2774 (22)
1135 2690 1227 2758 iidem
1252 2708 1322 2776 spe-

90 2797 266 2876 ctantibus,
291 2815 387 2882 quem
411 2815 509 2864 unum
526 2805 621 2883 atqua
644 2815 842 2865 communem
859 2815 877 2864 a
894 2798 1088 2883 temporibus
1104 2797 1321 2883 Apostolorum

90 2925 134 2972 ex
161 2913 290 2990 patrum
315 2904 571 2989 interpretatione
594 2922 652 2972 ceu
677 2921 732 2990 per
757 2921 869 2970 manus
892 2905 1007 2971 sensim
1031 2903 1180 2971 traditum
1198 2903 1228 2970 in
1246 2902 1323 2970 haec

92 3025 198 3094 risone
224 3015 367 3092 teuipora
393 3007 511 3093 ultique
533 3007 685 3074 catholica
702 3015 784 3075 tenet
808 3007 952 3074 Ecclesia.
970 3007 1044 3073 Nam
1063 3015 1098 3074 ut
1123 3007 1219 3092 possit
1239 3023 1324 3074 unus

91 3121 150 3182 aut
173 3115 257 3182 aller
281 3113 313 3180 in
338 3131 479 3180 errorem
504 3114 644 3182 lortassis
666 3115 824 3192 excidere,
846 3131 881 3180 ac
899 3113 1066 3180 nonnullos
1089 3115 1181 3180 etiam
1206 3113 1237 3179 in
1253 3113 1323 3201 qui-

93 3221 231 3288 busdam
258 3221 361 3306 lapsos
385 3237 453 3288 esse
476 3220 640 3300 fateamur,
670 3219 932 3306 quernadmodum
964 3219 1089 3306 saepius
1120 3220 1151 3286 iu
1175 3220 1324 3306 explana·

94 3329 182 3396 tione
207 3327 444 3412 scripturarum
468 3327 550 3393 inter
581 3345 614 3396 se
644 3327 842 3405 dissentiunt,
874 3335 976 3394 tamen
1009 3334 1045 3392 ut
1067 3327 1163 3394 simul
1193 3327 1325 3394 halluci-

94 3443 227 3514 uenlor,
252 3431 305 3500 uhi
330 3451 439 3501 omnes
469 3434 550 3500 inter
581 3453 614 3502 se
644 3435 843 3501 consentiunt
865 3433 960 3520 idque
992 3433 1023 3500 in
1047 3433 1143 3500 rehus
1173 3433 1264 3500 seriis
1286 3431 1325 3499 ad

96 3543 272 3609 humanam
308 3539 442 3608 salutern
477 3541 716 3626 pertinentibus,
750 3539 861 3606 adduci
886 3557 946 3606 uon
973 3557 1098 3625 {rossum
1124 3548 1159 3605 nt
1188 3539 1325 3623 credam,

96 3655 165 3714 irim
190 3646 233 3714 oh
258 3663 363 3712 reram
387 3645 502 3713 Christi
538 3646 773 3732 promissionem
808 3645 847 3712 de
879 3645 939 3713 hdo
963 3664 1124 3731 utinquam
1155 3644 1326 3724 defectura,

171 3897 179 3928 ¹
203 3897 268 3952 avet.
287 3898 306 3949 ll
327 3894 378 3948 lli:
397 3896 438 3949 hd
458 3898 506 3949 hoc
524 3897 594 3948 onim
608 3896 685 3948 doliis
697 3905 736 3948 est
749 3894 849 3950 diritati
865 3895 979 3965 spiratus
994 3895 1126 3950 Euchaiue
1139 3897 1164 3948 iu
1177 3895 1328 3966 praecepto-

96 4001 161 4054 ru,
173 3995 202 4040 ot
212 3989 281 4039 hanc
293 3999 307 4036 a
321 3983 409 4038 dubiis
420 3985 524 4050 eximat,
537 3999 569 4038 ne
582 3991 737 4050 perpetuo...
747 3987 861 4038 linctuet
875 3985 911 4037 El.
923 3998 968 4051 pp.
982 3985 1035 4050 (ll.
1052 3985 1104 4052 ts).
1115 4013 1148 4022 -
1163 3985 1214 4038 En.
1224 3985 1281 4052 (ier.
1296 3985 1328 4038 ι’.

99 4091 126 4140 p.
144 4077 174 4128 ll.
194 4075 272 4126 Dom.
292 4074 391 4140 Quadr.
410 4075 486 4127 dntr.
506 4073 558 4126 Eol.
575 4075 634 4141 sm:
654 4075 760 4127 lnlracta
789 4073 918 4128 Ecclesiae
943 4073 1163 4140 auctoritasque
1187 4075 1224 4127 sic
1249 4075 1328 4127 niteo·

98 4165 175 4228 dum,
194 4173 223 4216 ιιι
242 4175 274 4214 ea
294 4161 421 4215 omnibus
438 4163 582 4228 evangeliis
600 4177 647 4229 per
666 4163 786 4215 homines
809 4163 912 4228 scriptis
930 4163 1100 4228 praeterendo
1120 4163 1160 4215 sit
1186 4161 1226 4228 si,
1245 4164 1329 4229 lnquit

99 4253 229 4316 Christns,
249 4249 398 4306 Ecclesiam
416 4263 471 4304 nou
490 4249 615 4316 audierit,
633 4249 668 4306 sit
687 4249 734 4304 tihi
751 4250 822 4305 sicul
838 4249 959 4305 atharicus
978 4255 1002 4306 et
1014 4247 1184 4320 publicanos.
1201 4253 1329 4305 Ecclesiae

98 4341 170 4394 euim
189 4339 345 4392 auctoritate
365 4339 574 4406 innotuissent
595 4341 764 4406 evangellum
784 4340 896 4403 llatlhei,
914 4341 987 4406 qiiod
1007 4341 1134 4404 Thoniae,
1161 4341 1234 4408 quod
1254 4341 1329 4404 Petri,

100 4429 172 4496 quod
193 4428 277 4491 Parth,
295 4427 412 4495 deumne
430 4441 499 4496 quae
517 4431 682 4494 apographa,
700 4442 768 4496 qliae
792 4429 964 4494 agiographa.
989 4428 1056 4482 andi
1082 4429 1161 4494 igitur
1188 4429 1329 4482 Ecclesiam

99 4519 291 4580 orthodoxam
311 4517 349 4570 sic
368 4515 499 4570 Christum
518 4517 619 4571 audies.
