3390 5096
539 350 668 398 rannus
690 346 897 400 cononmsus.
1268 332 1330 396 fiili

89 481 162 541 tres
189 473 262 542 lacit
286 481 404 561 partes,
428 491 541 559 nempe
575 473 794 541 contritionem
827 473 940 552 cordis,
965 472 1188 541 confessionem
1212 472 1277 540 oris
1299 478 1331 540 et

88 579 344 648 satisfactionem
367 579 481 665 operis.
506 579 564 646 Sed
600 577 727 665 qnando
761 579 979 647 contritionem
1004 579 1107 646 cordis
1130 596 1244 664 negare
1268 596 1330 644 non

88 685 241 770 potestis,
265 685 386 754 tametsi
411 686 450 754 de
474 685 570 753 huius
593 685 681 752 initio
703 686 744 753 ab
767 686 902 753 Ecclesia
924 685 1142 753 dissentientes
1157 684 1331 752 hallucine-

88 791 189 870 mini,
212 792 363 878 reliquias
387 798 493 877 partes
514 792 555 859 al)
579 791 709 858 interitu
733 791 968 858 vindicabimus.

191 898 347 984 Principio
369 898 477 984 igitur,
500 915 604 966 nonne
627 897 665 964 ad
689 894 907 967 confessionam
941 897 1005 964 oris
1035 895 1258 965 adstruendam
1284 897 1329 976 (in
1352 909 1471 956 motw-

88 1023 159 1090 qua
187 1004 386 1089 potissimum
410 1004 507 1072 nnius
529 1003 714 1072 sacramenti
732 1004 812 1070 ratio
835 1004 988 1087 consistit)
1005 1003 1165 1070 suffecerit
1181 1004 1230 1070 rel
1245 1021 1331 1071 unns

88 1109 147 1177 ille
175 1109 333 1196 Evangelii
358 1109 446 1179 locus
470 1111 591 1177 loannis
613 1110 677 1190 XX,
701 1128 765 1195 quo
788 1109 944 1188 Christus,
968 1117 1171 1195 posteaquam
1188 1127 1207 1176 a
1222 1127 1330 1176 resur·

88 1216 240 1284 rectione
262 1217 329 1284 suis
351 1216 509 1302 apparuit,
533 1215 621 1282 flavit
644 1217 675 1283 in
699 1233 753 1284 eos
775 1215 898 1283 dicens:
918 1215 1063 1301 Accipite
1077 1215 1234 1300 spiritum
1251 1233 1330 1282 son·
1354 1227 1393 1284 lto·
1408 1225 1500 1282 Μ.)

89 1331 211 1399 ctum,·
234 1339 380 1408 quorum
403 1321 598 1388 remiseritis
628 1329 778 1407 peccato,
803 1321 1010 1388 rernillentnr
1038 1321 1097 1400 cis,
1120 1329 1150 1388 el
1172 1339 1331 1409 quorem·

90 1446 231 1515 cunque
254 1426 471 1505 retinueritis,
495 1427 747 1494 retentarunt?
771 1425 847 1512 Quis
871 1445 1031 1494 veronen
1055 1425 1139 1494 ridel
1162 1427 1221 1494 hoc
1252 1426 1330 1505 loco,

90 1533 176 1600 dum
203 1532 384 1600 absolvendi
408 1539 546 1618 potestas
568 1551 587 1600 a
610 1533 745 1618 peccatis
760 1533 875 1598 Christi
891 1531 1053 1617 discipulis
1069 1549 1244 1617 eorumque
1259 1549 1332 1599 suo·

91 1639 282 1706 cessoriuns
306 1638 499 1724 presbyteris
521 1638 702 1725 quibusque
725 1638 898 1718 confertur,
921 1636 1029 1704 eadem
1054 1638 1148 1705 simul
1171 1656 1267 1723 opera
1283 1655 1332 1704 sa-

91 1744 325 1812 cramentalem
349 1744 390 1811 ab
413 1763 450 1812 eo
473 1744 697 1813 confessionem
722 1743 921 1811 institutam?
952 1745 1027 1810 Nam
1053 1763 1115 1830 qua
1140 1745 1259 1812 ratione
1283 1761 1332 1812 sa-

91 1851 212 1918 cerdos
235 1868 254 1916 a
277 1851 413 1936 peccatis
435 1851 613 1936 qnempiam
638 1850 788 1929 absolvet,
804 1847 896 1932 (122)
920 1851 978 1918 nisi
996 1856 1139 1936 peccator
1155 1850 1182 1917 ei
1200 1851 1332 1918 crimina

93 1974 158 2024 sua
196 1955 374 2023 confitendo
403 1956 551 2042 detegat?
574 1956 627 2024 llic
658 1963 763 2023 autern
800 1963 830 2024 el
867 1956 897 2022 in
922 1956 1105 2023 remissione
1129 1963 1330 2042 peccatorum

94 2061 268 2130 invisibilis
301 2063 413 2148 gralia,
448 2071 479 2130 et
509 2063 541 2130 in
574 2063 670 2131 verbo
705 2063 881 2130 remittendi
906 2080 963 2130 sen
998 2062 1176 2130 absolvendi
1210 2061 1330 2129 visibile

93 2167 260 2256 quoddam
283 2175 314 2236 et
337 2167 450 2236 efficax
474 2169 598 2255 signum
626 2169 821 2244 insinuatum
847 2188 907 2236 non
925 2169 1008 2236 enirn
1026 2168 1055 2234 id
1072 2168 1191 2253 absque
1215 2168 1329 2234 visibili

95 2273 252 2361 quopiam
276 2273 365 2360 signo
386 2275 454 2341 fieri
490 2281 609 2361 potest;
635 2275 693 2342 hoe
719 2292 793 2341 vero
827 2293 895 2342 esse
926 2292 1076 2341 manuum
1102 2274 1329 2360 impositionem

96 2379 240 2447 Ecclesia
264 2379 317 2446 Dei
341 2380 459 2465 optima
482 2381 659 2466 scripturae
682 2381 838 2466 interpres
869 2379 1035 2448 confitendi
1060 2397 1121 2448 usn
1144 2387 1176 2447 et
1199 2397 1330 2447 consue·

95 2485 213 2552 tudine
236 2485 361 2570 publica
384 2486 568 2571 comprobat
581 2487 602 2551 ¹.
628 2486 735 2572 Neque
759 2503 834 2553 vero
857 2503 983 2554 necesse
1007 2485 1076 2565 fuit,
1101 2486 1145 2553 uti
1164 2485 1331 2571 peccatori-

94 2591 160 2658 bus
186 2588 338 2658 conlessio
368 2591 616 2677 praeciperetur,
639 2609 720 2678 quae
752 2599 923 2676 spontanea
952 2609 1020 2659 esse
1043 2591 1135 2658 debet
1158 2609 1198 2659 es
1223 2591 1330 2658 dolore

94 2697 206 2766 cordis
230 2698 314 2764 ultro
337 2696 493 2783 profecta;
509 2703 542 2764 al
564 2705 715 2783 potestate
738 2697 916 2766 absolvendi
941 2697 1156 2765 sacerdotibus
1171 2716 1190 2764 a
1206 2697 1330 2764 Christo

94 2804 214 2872 collata
237 2804 312 2870 satis
334 2810 403 2871 erat
426 2804 552 2870 infirmo
575 2804 730 2870 medicum
754 2803 935 2871 ostendisse.
961 2805 1030 2888 Quo
1052 2803 1098 2882 fit,
1123 2811 1159 2871 ut
1176 2822 1244 2870 mea
1260 2803 1330 2889 qui·

94 2911 170 2978 dem
196 2910 351 2977 sententia
372 2909 412 2977 de
436 2909 615 2978 huiusmodi
641 2910 833 2978 confessione
865 2910 925 2978 alia
960 2910 1031 2977 novi
1063 2911 1238 2978 testamenti
1264 2911 1331 2976 loca

94 3033 162 3082 non
188 3014 382 3083 incommode
404 3015 501 3101 accipi
528 3016 656 3101 possint,
680 3023 735 3082 aut
769 3015 874 3101 potius
907 3016 1050 3093 debeant,
1082 3017 1178 3083 veluti
1203 3034 1275 3084 cum
1299 3023 1330 3082 et

96 3123 200 3190 Lucas
225 3121 256 3188 in
280 3121 362 3190 dolis
386 3122 505 3208 inquil:
530 3122 626 3189 nluln·
660 3122 864 3189 crerierttiurn
899 3121 1070 3190 rrenicbaltl
1093 3121 1279 3206 confitentes
1301 3131 1330 3189 el
1344 3137 1402 3191 ,aot
1416 3134 1450 3188 ll.
1465 3133 1501 3181 lt.

95 3227 341 3294 annuntiantes
363 3225 457 3314 sacto
480 3247 559 3307 suo,
582 3235 623 3295 el.
638 3229 765 3295 loannes
795 3229 855 3294 ail:
881 3229 918 3295 Si
951 3229 1170 3314 confiteamur
1190 3239 1329 3314 peccalo
1352 3241 1373 3287 ¹·
1388 3241 1418 3287 ¹⁰·
1432 3241 1453 3296 ¹.
1467 3241 1488 3286 ⁹·

96 3341 231 3412 rtostro,
252 3331 359 3419 ficlelir
381 3342 427 3400 est
450 3343 478 3400 cl
503 3335 624 3414 irc-stus,
648 3344 685 3401 ul
708 3335 855 3402 remittat
877 3334 971 3402 noim
991 3345 1128 3420 peccota
1145 3345 1282 3414 nostro,·
1298 3344 1330 3404 et

97 3441 232 3508 lacobus
253 3439 389 3526 denique
411 3441 554 3526 apertius
576 3441 615 3508 de
649 3441 716 3538 ipsa
748 3442 899 3527 loquitur,
923 3441 1088 3527 siquidem,
1113 3442 1165 3509 ubi
1184 3444 1329 3528 proxime
1352 3453 1394 3500 he
1408 3453 1429 3507 t.
1444 3453 1478 3500 m

96 3545 360 3632 presbyterorum
385 3544 587 3626 meminisset,
610 3547 725 3615 docens
748 3555 923 3614 extremam
957 3549 1134 3615 unctionem
1158 3548 1198 3615 ab
1228 3549 1273 3616 eis
1297 3549 1329 3616 in

94 3649 312 3738 aegrotatione
334 3651 557 3737 quaerendam,
583 3653 727 3738 protinus
751 3652 872 3720 intulit:
900 3651 1108 3736 Confilemini
1128 3673 1206 3740 erpo
1230 3655 1329 3721 alter-

99 3765 218 3824 utrum
241 3764 377 3843 peccalo
400 3769 511 3824 oestro
534 3767 565 3826 ct
587 3767 679 3825 orote
699 3778 764 3844 pro
794 3760 945 3837 inuicem,
972 3769 1006 3826 nt
1028 3757 1215 3840 euloernini,
1239 3779 1330 3846 prae-

171 3989 180 4020 ¹
200 3991 228 4044 ln
246 3989 304 4042 allis
322 3987 465 4042 llerboruei
490 3989 617 4056 operibus
646 3992 712 4043 franc
737 3989 898 4055 singularem
923 3991 1078 4044 sententiam
1097 4005 1183 4059 neque
1208 3993 1329 4060 legimus,

97 4093 186 4148 noque
204 4078 348 4147 quicquam
368 4077 454 4132 eidem
475 4079 706 4132 contradictorium
726 4079 893 4132 offendimus.
913 4079 1045 4132 invenilur
1064 4089 1151 4133 autern
1165 4081 1257 4134 eudem
1272 4096 1330 4134 sen·

96 4167 177 4222 tentia
197 4167 224 4220 in
244 4167 353 4232 parochi
372 4165 456 4220 iacobi
476 4165 622 4233 Sclriipperi
645 4167 835 4221 «entecnismo
855 4165 974 4221 breviat
993 4169 1159 4236 catholico»,
1179 4183 1227 4235 pro
1240 4171 1330 4224 iur'en·

96 4265 153 4311 lute
170 4255 252 4310 edito.
271 4255 430 4310 ‘fremonlae
448 4257 614 4321 (Dortrnund,
633 4257 661 4309 E·
681 4257 738 4310 vice
756 4270 826 4308 anno
848 4255 941 4324 l5l9l:
963 4257 1059 4324 «Quid
1077 4263 1117 4310 est
1135 4267 1328 4313 sacramentum

97 4344 292 4412 poenitentioe!
313 4373 347 4382 -
361 4345 412 4409 Est,
431 4345 457 4397 in
477 4359 531 4412 quo
550 4359 597 4410 per
616 4343 813 4414 impositionem
831 4359 966 4398 munuum
985 4345 1179 4411 poenitentibus
1197 4350 1330 4401 confertur

97 4433 221 4488 remissio
239 4439 408 4500 peccatorum
422 4453 447 4487 ι.
466 4431 505 4488 Cl.
524 4433 575 4486 Der
594 4433 722 4486 liatnolilr.
746 4433 823 4485 leet.
840 4433 885 4488 77.
906 4435 994 4499 tenrg.
1025 4436 1050 4487 ³.
1069 4435 1147 4500 Eolge
1168 4435 1235 4488 xvi.
1256 4436 1328 4491 fland

97 4539 125 4592 p.
147 4523 209 4576 lll.
226 4537 252 4576 n.
271 4523 315 4576 22.
