3364 5092
340 237 380 300 ὅθ
655 253 851 300 courorarro
875 253 1105 301 uurueomvrsm
1131 252 1248 301 naurcv.

336 377 599 465 praedicationem
630 385 661 444 et
694 377 883 462 piscaturam
917 377 1023 444 mundi
1057 378 1087 444 in
1120 395 1209 444 suam
1242 377 1378 463 quisque
1408 378 1562 464 regionem

336 485 417 552 duce
441 503 478 552 ac
496 485 644 570 magistro
668 485 782 570 spiritu
806 491 914 552 sancto
937 484 1067 570 digressi
1084 484 1210 552 lucrant
1234 484 1443 569 praedicaturi
1470 485 1565 550 Evau-

337 591 465 677 getium,
497 597 592 676 prout
615 590 746 676 spiritus
770 599 897 657 sanctus
921 591 1093 677 uuicuique
1117 589 1185 671 (25)
1208 598 1403 676 suggereret.
1431 591 1487 657 Cui
1520 590 1562 657 rei

337 706 524 783 argumento
547 697 643 764 luerit
676 697 930 782 locupletissimo,
961 697 1045 783 quod
1077 697 1223 782 Apostoli,
1246 697 1300 782 qui
1333 698 1466 782 scriptas
1493 697 1564 763 reli·
1662 705 1663 710 ’

336 811 477 889 querunt
500 803 658 888 epistolas
681 821 837 889 nvrsquam
873 803 911 870 de
947 803 996 870 liis
1019 811 1158 889 quatuor
1186 803 1360 888 Evangeliis
1391 803 1565 870 testimonia

338 910 512 996 proterunt,
545 910 602 976 nisi
640 910 769 981 Paulum
803 909 956 994 intelligas
988 910 1089 976 tucae
1119 909 1262 995 discipuli
1295 927 1331 976 ac
1362 909 1485 976 comitis
1517 908 1564 975 sui

338 1016 536 1101 Evangelium
562 1017 669 1094 citare,
702 1017 825 1101 quoties
856 1033 950 1083 suum
984 1015 1182 1100 Evangelium
1215 1015 1374 1100 appellare
1409 1015 1498 1081 solet.
1531 1017 1565 1080 at

337 1124 461 1202 Paulus,
485 1123 538 1208 qui
565 1123 665 1207 palam
683 1123 794 1190 asserit
809 1123 1007 1207 Evangelium
1032 1139 1100 1189 ase
1122 1121 1333 1207 praedicatum
1358 1140 1419 1188 non
1437 1139 1506 1188 esse
1522 1139 1566 1188 se·

181 1261 229 1306 aa
244 1261 264 1314 4
279 1261 313 1306 12
337 1229 476 1296 cundum
510 1229 679 1306 homiuem,
704 1246 801 1314 seque
826 1229 903 1295 illud
926 1228 966 1295 ab
990 1228 1116 1296 honrine
1139 1246 1196 1294 uec
1219 1228 1374 1313 accepisse
1406 1245 1464 1295 nec
1487 1227 1563 1294 didi·

229 1355 233 1366 ·
337 1337 426 1414 cisse,
451 1335 517 1402 sed
530 1354 585 1420 per
616 1335 836 1402 revelationem
862 1337 930 1402 lesu
954 1335 1080 1413 Christi,
1113 1353 1173 1401 nou
1205 1335 1329 1401 utura
1362 1335 1563 1420 Evangelium

303 1421 457 1526 accepit
479 1440 659 1526 didicitque.
686 1443 721 1507 tt
744 1449 853 1507 contra
877 1442 986 1517 Lucas,
1011 1441 1093 1508 Pauli
1123 1447 1257 1508 sectator
1280 1440 1427 1508 assiduus
1448 1441 1563 1508 omnis-

336 1567 399 1633 que
415 1547 698 1632 peregrinationis
691 1566 722 1632 vp
724 1548 790 1614 sius
806 1566 910 1614 comes
925 1547 1082 1626 assiduus,
1094 1548 1185 1614 iuxta
1203 1547 1285 1613 Pauli
1304 1547 1563 1632 praedicationem

338 1653 537 1737 Evangelium
562 1653 756 1738 conscripsit,
781 1653 1045 1740 queruadmodum
1071 1653 1283 1738 praedicatum
1306 1671 1325 1719 a
1349 1654 1438 1720 Petro
1468 1654 1565 1718 Evan-

336 1759 451 1844 gelium
477 1759 615 1825 Murcum
641 1759 738 1826 literis
761 1759 925 1826 mandasse
948 1758 1063 1826 lerunt.
1088 1759 1180 1843 Quid,
1196 1759 1279 1844 quod
1304 1765 1414 1826 auctor
1437 1767 1469 1825 el
1493 1776 1564 1825 cou-

336 1864 419 1932 ditor
443 1883 541 1931 novae
567 1866 642 1950 legis
665 1865 976 1951 (quodEvangelium
1001 1866 1159 1946 dicimus),
1182 1864 1327 1932 dominus
1351 1873 1457 1932 noster
1482 1865 1565 1931 lesus

336 1971 491 2048 Christus,
515 1989 572 2038 nec
595 1972 720 2056 scripsit
744 1972 808 2056 ipse
839 1972 1020 2057 quicquam,
1053 1989 1109 2037 nee
1140 1970 1357 2055 Apostolorum
1390 1972 1444 2038 ulli
1477 1971 1566 2056 quic·

338 2095 433 2162 quam
458 2077 598 2144 scribere
621 2077 721 2155 iussit,
746 2077 799 2143 sed
831 2085 864 2143 ut
897 2077 1046 2143 docerent
1075 2095 1184 2144 omnes
1205 2083 1313 2162 gentes
1335 2093 1372 2144 ac
1404 2076 1567 2162 praedica-

338 2189 410 2249 rent
432 2183 515 2248 omni
541 2192 706 2250 creaturae
737 2201 830 2250 suum
864 2183 1077 2268 Evangelium,
1109 2183 1137 2248 id
1164 2191 1284 2250 lantum
1317 2182 1469 2268 lposlolis
1501 2182 1568 2249 suis

339 2289 398 2354 iam
425 2297 490 2354 tum
514 2289 554 2355 ab
578 2289 639 2354 illis
662 2308 679 2356 e
704 2289 798 2356 terris
820 2289 859 2355 ad
883 2298 1003 2373 patrem
1029 2289 1058 2354 iu
1084 2291 1186 2356 coelos
1209 2306 1399 2356 ascensurus
1421 2297 1570 2354 extrema

185 2429 260 2473 Μ,
275 2428 309 2484 ῃ
339 2413 414 2460 voce
440 2395 604 2460 mandavit.
631 2395 704 2461 Nam
729 2396 774 2462 sic
796 2395 880 2480 apud
902 2395 1168 2462 Matthaeumait:
1188 2397 1308 2461 Eunoes
1330 2396 1439 2462 docete
1454 2414 1567 2461 ornnes

208 2481 241 2526 99·
255 2482 290 2529 99·
337 2511 446 2587 pentes
471 2501 679 2586 baptizantes
702 2521 755 2568 eos
771 2521 806 2567 m
829 2501 960 2568 nomine
981 2503 1091 2587 patric
1106 2511 1135 2568 et
1157 2501 1221 2584 filii
1236 2511 1265 2567 rt
1280 2500 1422 2586 spiritus
1444 2504 1566 2582 suncti,

339 2608 485 2674 docenter
518 2627 571 2674 eos
605 2627 740 2674 seruare
774 2608 889 2674 omnio
922 2627 1135 2696 quoacunque
1166 2609 1324 2693 praecepi
1355 2605 1452 2674 uobis.
1478 2609 1567 2694 apud

167 2748 318 2804 „mm
338 2715 475 2780 llarrum
513 2714 557 2780 sic
582 2713 700 2799 inquit:
739 2715 783 2779 lte
810 2719 846 2780 r'n
881 2715 1044 2780 mundum
1080 2715 1276 2780 univercum
1311 2723 1340 2779 et
1371 2715 1568 2800 praedicate

339 2821 556 2905 Euurvpcle'um
580 2821 672 2886 corni
695 2829 872 2886 creaturae
895 2829 953 2886 etc.
978 2820 1047 2904 Quo
1081 2820 1209 2897 lactum,
1241 2827 1277 2886 ut
1300 2820 1453 2904 apostolis
1477 2820 1568 2886 iuxta

339 2927 518 2992 mandatum
543 2927 658 2993 domiui
683 2926 721 2992 ad
747 2927 901 3012 Evangelii
935 2927 1195 3012 praedicationem
1219 2925 1377 3011 digressis,
1408 2926 1462 3010 qui
1495 2935 1568 2993 autc

337 3034 564 3117 separationem
589 3033 619 3098 iu
645 3033 718 3100 solis
741 3033 811 3100 fidei
836 3032 978 3099 articulis
1001 3034 1183 3100 convenisse
1207 3034 1364 3112 teruntur,
1390 3033 1470 3100 bona
1495 3050 1568 3117 pars

339 3140 415 3205 vasti
449 3139 535 3205 oritis
567 3140 767 3226 Evangelium
802 3158 876 3207 voce
908 3140 1065 3225 prolatum
1093 3139 1239 3218 audierit,
1263 3140 1438 3224 susceperit
1471 3149 1568 3225 atque

337 3247 515 3326 crediderit,
540 3247 724 3331 priusquam
749 3247 866 3331 scripto
896 3247 1098 3313 manderetur
1119 3247 1138 3311 ¹.
1163 3246 1281 3312 Videtis
1312 3264 1387 3330 crgo
1412 3264 1476 3323 vos,
1508 3247 1568 3312 sci-

338 3352 408 3418 licet
433 3352 605 3437 Evangelici
630 3353 874 3432 concionatores,
899 3371 992 3439 quam
1019 3354 1108 3438 longe
1123 3353 1163 3418 alr
1188 3353 1341 3438 Evangelii
1367 3371 1460 3438 scopo
1476 3353 1568 3420 alter·

339 3459 423 3537 retis,
448 3459 501 3544 qui
527 3459 686 3526 mordicus
712 3460 818 3527 literae
834 3460 1041 3526 adhaerentes
1057 3479 1118 3525 non
1142 3459 1402 3538 animadvertitis,
1418 3477 1457 3526 ne
1475 3459 1568 3544 plane

336 3565 448 3643 dicam,
474 3566 632 3650 ignoratis,
658 3565 857 3651 Evangelium
884 3567 943 3632 lroc
967 3566 1119 3650 scriptum
1144 3566 1235 3631 iuxta
1258 3581 1438 3650 germanam
1459 3573 1491 3632 et
1517 3584 1568 3632 ve-

339 3689 405 3736 ram
432 3671 585 3756 Evangelii
611 3672 775 3750 rationem,
801 3689 839 3738 ne
862 3689 930 3737 csse
954 3670 1081 3756 quidem
1107 3671 1318 3756 Evangelium.

428 3781 461 3842 tt
485 3778 645 3862 olvstrcpet
670 3778 744 3844 mihi
770 3779 910 3844 tortassis
934 3778 993 3843 lvrvc
1018 3778 1084 3844 loco
1107 3777 1280 3863 quispiam:
1305 3778 1369 3844 Cur
1386 3777 1493 3862 igitur,
1518 3795 1568 3844 re·

175 3919 318 3982 ngm,
338 3885 478 3970 probatis
501 3891 551 3967 (ut
566 3893 637 3951 autc
661 3884 779 3950 dictum
803 3885 876 3966 luit)
899 3885 979 3964 aliis
1005 3885 1079 3950 haec
1097 3892 1219 3951 tantum
1237 3885 1402 3970 Evangelia
1416 3894 1567 3970 quatuor,

173 3973 319 4082 ,ξῗξᾎῗῆἷζξ
338 3991 362 4057 si
390 4009 462 4057 vera
486 4009 545 4056 non
570 3991 643 4068 sint,
667 4009 685 4056 a
709 3990 880 4058 maioribus
897 3992 1012 4058 nostris
1027 3991 1198 4076 approbata
1215 3998 1289 4056 suut
1304 3999 1399 4076 atque
1416 3997 1567 4077 recepta?

409 4260 416 4290 ¹
439 4267 496 4316 Ass.
519 4263 559 4313 l3.
580 4260 768 4313 Reioruravil...
788 4266 842 4312 tum
862 4259 988 4322 Christus,
1008 4268 1064 4313 tum
1084 4260 1200 4325 Apostoli
1220 4261 1272 4312 lere
1291 4273 1398 4312 omnem
1418 4259 1567 4326 Ecclesiam,

336 4352 398 4420 quio
418 4352 497 4404 etiam
518 4351 671 4403 universum
691 4348 783 4402 orbem
803 4350 860 4402 sine
879 4349 966 4416 aliquo
985 4350 1083 4414 scripto
1104 4349 1255 4414 Evangelio,
1280 4363 1363 4416 qvurm
1388 4356 1463 4401 antea
1483 4349 1568 4401 Evan-

336 4439 435 4506 getium
454 4440 619 4504 divulgatum
638 4441 680 4503 sit,
698 4452 778 4507 quam
799 4439 877 4492 liveris
897 4439 1084 4492 concreditum.
