3384 5082
356 213 421 279 254
672 231 866 280 CONEUTATlO
889 231 1120 280 uuunuunutsnt
1144 231 1260 280 ululet.

356 358 422 432 turl
446 355 526 434 albo,
550 373 604 422 eos
628 355 724 422 libere
748 355 848 433 lateri,
872 373 905 422 se
930 353 1076 422 indociles
1099 355 1261 441 quosdam,
1284 362 1316 422 et
1338 354 1511 440 praefracti
1538 361 1587 438 (ut

355 460 470 540 dicitis)
494 461 606 547 ingenii
631 461 823 528 sacrificulos
845 461 1154 540 excommunicasse;
1178 499 1222 510 -
1245 461 1408 546 principio,
1432 480 1502 546 qua
1527 462 1587 527 boc

355 569 540 636 auctoritate
556 569 664 648 tacitis,
682 586 783 634 nonne
806 568 977 635 clarissima
1001 569 1230 658 scripturarum
1248 569 1318 635 luce
1333 569 1457 653 integro
1477 586 1518 634 ac
1541 568 1587 633 in·
1655 605 1656 652 p

356 683 508 760 corrupto
543 675 648 741 lectori
682 673 879 741 manifestum
904 674 1057 741 allicimus
1090 675 1147 741 boc
1179 674 1292 760 triplici
1317 691 1504 759 congressu,
1531 691 1587 740 ros

356 788 505 865 tanquam
532 780 705 847 haereticos
726 781 879 858 omnium,
903 781 957 866 qui
982 779 1022 846 ab
1045 780 1133 846 initio
1158 781 1308 848 Ecclesiae
1332 781 1363 846 in
1385 781 1462 847 baec
1479 797 1588 865 usque

357 895 498 972 tempora
522 885 620 964 luere,
645 886 904 952 virulentissimos
927 893 1020 952 extra
1045 887 1209 953 Ecclesiam
1247 887 1299 954 Dei
1332 887 1465 954 virentis
1489 885 1589 952 ober-

357 1011 439 1070 rare,
462 1002 493 1060 et
517 993 577 1060 sub
600 993 734 1060 articulo
758 993 869 1078 primo,
893 1011 1073 1078 germanam
1098 1010 1268 1078 veramque
1292 992 1376 1059 illam
1394 993 1447 1059 Dei
1473 993 1587 1058 viren-

357 1099 397 1166 tis
421 1100 597 1176 Ecclesiam,
622 1118 716 1166 uriam
741 1109 772 1166 et
795 1100 978 1166 catholicam
1002 1106 1033 1166 et
1068 1101 1270 1184 Apostoliram
1295 1118 1355 1166 non
1381 1117 1472 1184 posse
1497 1115 1586 1164 nunc

356 1202 481 1272 demum
507 1207 536 1272 in
563 1223 617 1272 vos
640 1206 722 1272 solos
745 1213 936 1273 contractam
960 1223 1028 1272 esse
1042 1209 1064 1284 ¹,
1087 1213 1119 1273 et
1143 1207 1192 1272 bic
1217 1207 1409 1292 pauloaote,
1427 1207 1587 1290 vosipsos

356 1331 466 1378 omnes
488 1313 777 1378 excommunicatos
799 1329 877 1390 esse,
901 1312 997 1397 idque
1025 1319 1091 1378 tum
1125 1312 1204 1378 iuris
1226 1311 1333 1397 scripti
1360 1319 1425 1378 tum
1452 1307 1585 1398 legitimi

357 1419 468 1485 iudicis
490 1419 642 1485 sententia
665 1437 761 1503 uriam
787 1419 956 1486 iustissime
981 1419 1051 1484 lata.

446 1529 482 1592 m
504 1525 788 1598 excommunicatio
811 1534 859 1592 est
883 1526 1016 1610 privatio
1041 1525 1269 1592 Ecclesiasticus
1297 1526 1530 1592 communionis
1554 1531 1586 1590 et

357 1641 450 1700 extra
474 1632 641 1698 Ecclesiam
668 1631 721 1700 [tei
745 1633 865 1699 eiectio.
890 1633 967 1699 Cum
991 1628 1083 1715 (228)
1107 1650 1183 1718 ergo
1206 1631 1262 1717 ipsi
1295 1641 1386 1698 extra
1413 1631 1584 1700 Ecclesiam

358 1740 418 1806 iam
444 1738 563 1824 pridem
590 1738 677 1828 eiecti
702 1739 779 1818 sitis,
804 1739 857 1825 qui
883 1739 1005 1806 tandem
1030 1739 1107 1806 alios
1130 1739 1201 1806 inde
1220 1740 1349 1824 potestis
1364 1739 1503 1806 eiicere?
1521 1755 1584 1805 non
1655 1757 1656 1764 ¹

358 1865 432 1914 sane
455 1845 563 1931 magis
586 1864 681 1931 quam
706 1845 808 1930 isqui
833 1852 927 1912 extra
956 1844 1085 1912 domum
1109 1851 1166 1924 est,
1190 1845 1262 1912 inde
1295 1845 1393 1912 alium
1421 1846 1586 1930 expellere
1655 1899 1656 1912 ,

359 1960 468 2039 potest.
494 1953 592 2018 Taceo
616 1953 674 2018 bac
699 1952 728 2018 in
754 1970 788 2018 re
812 1951 883 2018 iura
914 1952 1004 2038 longe
1027 1952 1233 2036 apertissima.
1262 1951 1337 2018 Nori
1370 1952 1464 2031 enim,
1496 1949 1585 2038 quod

360 2068 508 2146 tanquam
532 2058 647 2145 publici
673 2059 808 2125 iustitiae
834 2060 948 2138 hostes,
973 2059 1043 2125 iura
1077 2077 1138 2124 non
1173 2058 1263 2125 modo
1295 2059 1505 2138 contemnitis,
1530 2056 1584 2124 sed

358 2167 450 2233 etiam
476 2165 598 2252 publice
623 2165 683 2232 iam
718 2165 792 2232 olim
827 2164 1041 2232 combussistis
1058 2167 1079 2230 ¹.
1117 2165 1178 2232 lam
1213 2173 1250 2232 ut
1282 2166 1375 2232 etiam
1411 2167 1442 2231 io
1479 2165 1584 2232 Eccle-

359 2273 404 2338 sia
429 2272 479 2338 Dei
504 2271 607 2338 adbuc
630 2271 750 2350 essetis
773 2271 845 2356 quis
869 2278 935 2338 tum
961 2271 1049 2339 vobis
1072 2272 1102 2337 in
1127 2289 1181 2338 eos
1203 2271 1380 2338 sacerdotes
1397 2279 1583 2356 potestatem

359 2377 581 2445 iurisdictionis
605 2379 740 2446 tribuit‘l
763 2379 835 2464 quis
859 2396 913 2444 uos
936 2397 1045 2445 eorum
1070 2378 1188 2444 iudices
1211 2377 1335 2463 posuit?
1352 2378 1425 2464 quis
1446 2377 1584 2463 denique

359 2485 650 2552 excommunicandi
682 2485 900 2551 auctoritatem
935 2483 1085 2551 indulsit?
1120 2520 1161 2534 -
1197 2484 1323 2564 Deinde,
1348 2484 1432 2570 quod
1468 2485 1584 2552 iustam

359 2592 451 2659 istius
473 2591 807 2658 excommunicationis
830 2598 1050 2676 praesumptae
1073 2609 1200 2658 causam
1222 2599 1444 2676 praetexentes
1458 2590 1584 2668 additis,

359 2699 442 2784 quod
467 2697 781 2764 excommunicarum
810 2695 991 2765 «indociles
1024 2697 1174 2783 quosdam
1203 2705 1234 2764 et
1269 2697 1434 2783 praefracti
1468 2696 1582 2783 ingenii

360 2804 563 2882 sacrificulos
587 2804 641 2889 qui
667 2805 866 2888 pertinaciter
890 2805 1095 2889 perstiterunt
1120 2804 1150 2870 in
1175 2822 1305 2871 suarum
1323 2804 1491 2870 missarum
1509 2805 1584 2870 abo

361 2909 593 2988 minationibus
610 2929 671 2976 non
692 2910 757 2977 siue
781 2910 867 2996 graui
893 2910 1092 2996 Evangelicae
1107 2909 1267 2977 doctrinae
1284 2909 1447 2977 irrrisione
1463 2918 1495 2977 et
1510 2928 1583 2978 con-

361 3024 480 3101 temptu
506 3034 680 3100 magnoque
703 3016 890 3101 simplicium
915 3016 1091 3083 animorum
1115 3015 1355 3083 oliendiculon:
1372 3017 1584 3101 -primum,

361 3131 402 3190 ut
424 3123 594 3189 iustissima
617 3121 656 3188 sit
678 3130 772 3208 atque
796 3121 960 3190 verissima
983 3126 1091 3209 (quam
1118 3123 1168 3190 bic
1191 3123 1297 3206 audio)
1313 3139 1418 3202 causa,
1434 3122 1585 3210 quemad·

362 3229 487 3296 modum
525 3238 572 3295 est
602 3237 667 3295 tum
705 3228 909 3314 iniquissima,
942 3236 1008 3296 tmn
1044 3229 1297 3309 mendacissima;
1322 3237 1426 3296 umen
1457 3229 1584 3316 quando

362 3337 448 3403 nulla
471 3337 510 3402 sit
542 3353 637 3421 penos
666 3353 719 3401 ros
752 3335 1043 3404 excommunicandi
1077 3343 1222 3423 potestas
1246 3337 1291 3403 uti
1321 3335 1382 3403 iarn
1406 3335 1583 3414 docuimus,

361 3443 645 3510 excommunicatio
668 3461 794 3528 quoque
818 3443 905 3510 nulla
939 3444 978 3510 sit
1010 3461 1172 3510 necessum
1195 3452 1251 3510 est.
1276 3481 1320 3491 -
1343 3443 1488 3512 Secundo
1510 3463 1584 3512 cau-

362 3569 427 3616 sam
452 3547 678 3634 iniquissimam
702 3557 733 3614 ot
758 3549 1024 3616 mendacissimam
1056 3567 1123 3616 esso
1146 3557 1331 3616 constater
1356 3549 1404 3628 iis,
1429 3569 1510 3637 quae
1534 3569 1584 3618 ar·

363 3657 466 3724 ticulis
490 3654 563 3722 xlx.
588 3664 619 3722 ct
643 3655 729 3721 XX.³
753 3656 969 3724 disseruimus.
999 3657 1089 3723 Nulla
1116 3663 1190 3723 sum
1217 3657 1299 3723 enim
1323 3665 1449 3724 nostrae
1473 3658 1584 3726 missae

362 3763 618 3840 abominationes
642 3770 674 3828 at
698 3764 801 3848 potios
825 3763 947 3830 lructus
969 3768 1001 3830 et
1025 3763 1150 3848 plorimi
1175 3770 1206 3829 et
1231 3763 1379 3842 inaximi;
1396 3781 1455 3831 nec
1470 3774 1518 3832 est
1535 3765 1584 3831 bic

362 3870 467 3955 gravis
491 3869 691 3954 Euangelicae
713 3869 872 3938 doctrinae
897 3870 1000 3936 irrisio
1024 3878 1054 3936 et
1078 3877 1285 3954 contemptus
1309 3876 1342 3936 at
1357 3871 1463 3955 potius
1478 3880 1584 3938 sancta

366 3975 563 4060 Evangelicae
586 3975 744 4042 doctrinae
767 3977 943 4043 observatio
966 3985 996 4042 et
1020 3977 1142 4056 cultus;
1167 3995 1224 4043 nec
1239 3976 1374 4062 denique
1389 3977 1495 4062 agitur
1511 3995 1584 4044 cum

436 4243 444 4273 ¹
465 4245 549 4309 Supra
569 4245 602 4295 sn
621 4259 660 4310 sq.

435 4329 592 4386 ’Lotberus
614 4335 654 4386 lb.
674 4334 735 4386 Dec.
755 4334 831 4386 tutu.

436 4420 746 4490 ¹Wmmmm
