3378 5082
454 677 919 782 INTRODUO'FIO.
948 758 951 765 .

580 954 792 968 W

216 1629 237 1708 s
265 1628 293 1691 i.
317 1623 457 1694 Historia
479 1591 707 1695 confutationis
729 1624 764 1694 ei
786 1620 963 1714 apographi
985 1619 1164 1712 descriptio.

157 1843 231 1907 Cum
259 1870 273 1899 ι
288 1845 372 1908 virus
393 1846 617 1909 Lutheranicae
637 1844 820 1918 factionis»,
843 1850 876 1906 ut
898 1843 940 1906 ait
961 1841 1133 1904 chronicon
1155 1841 1304 1922 siibyen-

87 1965 115 2010 sc
129 1949 148 2024 ¹,
168 1949 207 2012 ab
220 1967 300 2014 anno
315 1951 439 2013 circiter
461 1953 540 2014 idid
567 1976 581 2005 ι
595 1967 651 2030 per
672 1951 848 2012 universam
863 1947 1029 2011 cimbriano
1051 1963 1205 2027 serpere·
1231 1963 1301 2011 coe·
1371 1985 1374 1992 ,

86 2055 183 2134 pisset,
203 2073 283 2120 anno
306 2074 379 2120 vero
401 2059 480 2120 1528
500 2057 694 2134 hiaimogiam
723 2063 754 2118 et
783 2059 861 2118 idai)
883 2055 1020 2118 Hainiam
1049 2070 1174 2136 quoque
1196 2053 1304 2117 urbem

86 2163 170 2226 totius
191 2164 305 2227 [ianiae
327 2164 505 2244 primariam
528 2163 690 2236 iniecisset,
705 2161 865 2242 agentibus
880 2178 936 2242 pro
952 2177 1078 2224 munere
1092 2177 1148 2223 sno
1173 2161 1305 2223 Danicac

87 2267 234 2332 Emissiae
256 2268 443 2349 primoribus
465 2269 578 2332 indicta
593 2275 664 2332 sunt
685 2285 702 2330 a
725 2284 796 2347 rege
815 2267 979 2330 hroderico
1001 2268 1020 2329 i.
1043 2267 1178 2342 comitia,
1192 2265 1306 2348 quibos

86 2370 118 2434 iis
137 2375 175 2438 de
200 2374 348 2454 reiigione
369 2383 613 2456 componeretur.
636 2374 829 2440 succinctam
852 2375 961 2437 horum
984 2375 1178 2437 comitiorum
1210 2373 1305 2435 histo·

87 2479 156 2542 riam
178 2497 217 2544 er
237 2480 362 2544 laudato
382 2480 535 2545 Chronico
556 2480 655 2544 discat
676 2478 844 2543 benevolus
866 2479 979 2543 tector:
1326 2555 1328 2562 Α

162 2591 277 2650 «inno
299 2586 415 2650 domini
439 2592 518 2652 ideo
546 2588 576 2649 in
598 2587 674 2649 iesto
695 2585 886 2651 visitationis
914 2587 1022 2650 heatae
1043 2587 1157 2650 diarias
1180 2587 1306 2665 virginis

87 2690 231 2756 celebrata
252 2701 324 2756 sunt
345 2693 471 2757 Hainiae
490 2693 637 2757 sotemma
659 2696 793 2768 comitia,
815 2692 853 2757 ad
876 2708 956 2774 qirae
977 2695 1077 2756 vocati
1092 2693 1213 2757 fuerunt
1234 2711 1304 2757 cum

87 2798 259 2864 orthodoxis
279 2799 443 2880 Episcopis
474 2807 504 2861 et
525 2799 714 2881 preshyteris
744 2801 837 2863 etiam
869 2799 1101 2863 concionatores
1129 2800 1305 2876 lutherani,

86 2901 139 2965 hoc
158 2907 270 2982 animo,
295 2912 330 2968 ut
349 2904 408 2968 suh
437 2905 538 2969 indice
568 2904 658 2986 vnipo
687 2923 737 2970 res
768 2907 910 2969 universa
933 2905 1160 2986 transigeretur,
1181 2905 1220 2968 de
1241 2923 1302 2988 qua

87 3013 152 3072 tunc
172 3019 238 3074 erat
258 3019 489 3075 controversum
518 3013 597 3074 inter
626 3013 814 3076 orthodoxos
846 3019 876 3074 et
904 3011 1094 3074 hutheranos
1123 3013 1303 3076 haereticos.

86 3113 243 3181 Lutherani
268 3133 341 3180 vero
358 3117 495 3181 destituti
517 3117 623 3181 solidis
637 3135 675 3182 ac
694 3119 823 3182 sinceris
837 3117 1000 3198 scripturis
1014 3118 1246 3198 rationibusque
1261 3119 1304 3182 ei·

88 3219 237 3299 inacibus,
258 3223 395 3300 graviter
414 3231 515 3286 tamen
538 3223 735 3288 imminebant
767 3224 957 3299 orthodoxis,
985 3224 1053 3286 ireti
1084 3224 1245 3305 tyrannide
1266 3240 1303 3288 ac

87 3325 182 3392 iarore
204 3329 365 3409 principis,
386 3330 476 3392 nnius
496 3330 659 3409 praesidiis
681 3338 711 3393 et
732 3331 922 3410 protectione
943 3330 999 3393 tuti
1033 3337 1119 3393 erant
1139 3336 1169 3393 et
1189 3332 1301 3394 exemti

87 3431 121 3524 ah
139 3434 220 3498 omni
244 3435 321 3511 iure,
337 3434 642 3517 praevaluissentque
657 3436 783 3500 indubie
799 3437 946 3500 haeretici
962 3435 1110 3499 adversus
1125 3437 1302 3500 universum

87 3537 262 3603 clericorum
284 3540 434 3618 ordinem,
454 3541 485 3603 ni
507 3541 670 3605 orthodoxi
692 3541 834 3624 prudenti
866 3541 996 3604 consitio
1016 3541 1071 3604 din
1099 3542 1227 3606 inissent
1247 3551 1305 3607 ter·
1336 3565 1338 3570 ·

87 3645 233 3724 p'versati,
244 3661 304 3710 non
318 3662 386 3710 esse
396 3661 451 3710 eos
463 3647 590 3710 idoneos
601 3646 729 3722 iudices,
741 3665 819 3729 quos
830 3648 995 3711 hotherani
1007 3646 1200 3726 delegissent,
1211 3655 1305 3729 atque

88 3751 200 3815 tandem
223 3759 442 3831 provocassent
463 3752 502 3815 ad
523 3754 674 3830 generalis
695 3752 821 3817 Conciiii
844 3755 1033 3817 sententiam.
1062 3753 1178 3817 Interea
1202 3762 1303 3818 tamen

88 3855 180 3920 noum
204 3856 294 3936 vulgo
315 3857 468 3922 iaciebant
488 3859 645 3936 haeretici,
665 3875 699 3923 se
722 3861 854 3923 uictores
875 3876 952 3934 esse,
973 3877 1007 3923 se
1035 3861 1183 3924 iactantes
1204 3862 1305 3925 ortho-

88 3959 176 4026 doxos
196 3963 235 4028 ad
258 3963 385 4028 liberam
407 3964 645 4048 disputationem
667 3967 756 4028 toties
771 3982 966 4048 provocasse,
980 3967 1063 4048 quod
1086 3968 1177 4030 etiam
1194 3983 1302 4030 revera

88 4065 240 4146 iaciebant,
261 4086 368 4134 uerum
391 4070 457 4151 lege
487 4071 775 4153 intolerabilique
803 4073 1042 4152 disputationem
1072 4075 1216 4136 Danicam
1245 4073 1303 4136 sub

88 4171 182 4238 iudice
203 4175 295 4254 unico
317 4177 518 4241 insanissimis
549 4177 698 4257 urgebant
724 4178 922 4252 clamoribus,
944 4180 1075 4242 scientes
1103 4180 1162 4242 hac
1186 4179 1303 4244 ratione

87 4279 239 4344 uictoriam
262 4297 330 4346 esee
361 4283 573 4358 certissimam,
602 4299 682 4365 quae
714 4285 925 4365 maximopere
946 4285 1100 4364 pendebat
1128 4301 1166 4349 ex
1196 4286 1301 4366 popuii

152 4503 228 4562 ¹Dr.
247 4467 288 4562 iis
299 4503 428 4574 iiddom,
447 4507 613 4562 documenta
632 4507 754 4562 historiae
773 4507 887 4562 Denicae
905 4507 923 4561 i.
940 4491 1032 4560 76-77'.

1183 4617 1193 4668 i
