3390 5096
514 317 643 366 rannus
665 316 872 367 cononnssus.
1244 301 1305 367 185

79 439 222 508 oratione
254 441 319 507 reri
353 440 495 526 corporis
525 440 639 509 Christi
672 441 768 527 (quod
800 459 841 509 ex
873 441 976 510 officio
1010 443 1138 528 propn'o
1168 442 1307 529 quotidie

80 544 181 613 babet
200 547 340 630 ollerre),
364 556 395 615 et
419 546 450 614 in
484 546 681 615 absolutione
714 548 857 634 corporis
879 545 971 633 (155)
1005 549 1126 634 mystici
1155 549 1307 630 eiusdem,

81 663 230 720 neutram
245 660 351 721 autem
366 654 382 684 *
404 661 587 740 potestatem
612 663 790 740 competere
811 655 988 734 docuimus,
1012 654 1070 723 nisi
1094 655 1308 724 sacerdotibus

83 757 300 828 Ecclesiastico
325 760 388 826 ritu
411 759 579 839 ordinatis;
598 766 665 827 tum
680 760 765 847 quod
781 761 956 847 baptismus
975 766 1007 829 et
1023 761 1212 848 poenitentia
1234 769 1309 830 sunt

83 873 281 933 sacramenta
304 866 513 946 necessitatis;
538 866 570 933 in
594 867 777 935 necessitate
800 874 905 935 autem
930 868 1014 935 Deus
1041 867 1191 936 virtutem
1219 885 1308 935 snam

84 989 149 1038 non
173 973 273 1039 solum
297 991 359 1039 non
384 972 546 1053 ministris,
569 991 681 1041 rerum
706 973 799 1040 etiam
822 991 863 1041 ne
886 973 1089 1041 sacramentis
1112 973 1239 1060 quidem
1263 974 1309 1041 al·

84 1077 211 1162 ligatam
234 1096 304 1146 esse
330 1078 436 1147 voluit.
461 1080 660 1166 Quapropter
692 1080 722 1146 in
758 1080 950 1148 necessitatis
976 1079 1110 1148 articulo
1133 1098 1194 1148 non
1218 1079 1310 1148 modo

85 1201 147 1268 per
171 1185 280 1252 laicum
306 1185 373 1253 lieri
399 1193 500 1271 potest
522 1185 658 1254 infidelis
691 1185 729 1252 ad
753 1186 846 1253 tidem
880 1186 1056 1266 instructio,
1081 1186 1308 1254 verumetiam

85 1289 260 1376 baptismus
282 1310 339 1377 per
363 1309 437 1360 eum
460 1292 592 1359 collatus
614 1299 646 1360 et
668 1291 820 1360 consessio
842 1292 942 1360 eidem
965 1291 1071 1360 tacta1
1095 1293 1157 1359 rim
1181 1292 1309 1372 babent,

86 1395 153 1464 imo
174 1398 272 1466 solum
307 1399 477 1484 utriusque
512 1404 620 1466 votum
644 1399 675 1466 in
712 1401 771 1467 boe
805 1417 880 1467 casu
914 1398 1040 1467 sullicit.
1072 1400 1189 1466 Verum
1225 1405 1310 1466 recte

87 1503 228 1584 subditis,
253 1505 410 1572 neminem
433 1511 579 1590 oportere
603 1506 661 1573 boc
684 1507 826 1573 muneris
848 1506 906 1573 sibi
930 1523 1087 1591 usurpare
1109 1505 1229 1592 absque
1244 1523 1310 1572 ma·

88 1627 151 1694 gna
172 1613 364 1691 necessitate,
387 1619 419 1678 at
441 1630 514 1680 eum
541 1613 768 1692 tantummodo,
791 1613 845 1699 qui
882 1612 1017 1698 legitime
1047 1620 1176 1680 vocatus
1203 1612 1308 1680 luerit.

90 1717 127 1781 tt
150 1717 315 1802 legitimam
337 1714 531 1786 vocalionem
556 1719 624 1785 lieri
657 1738 718 1786 non
749 1736 904 1786 consensu
927 1718 1036 1804 plebis,
1060 1718 1114 1786 sed
1141 1735 1309 1804 procerum

91 1821 373 1892 Ecclesiasticornm
409 1824 605 1904 auctoritate,
630 1824 691 1890 iam
723 1825 780 1904 bis,
804 1831 836 1892 et
871 1825 902 1891 in
934 1824 1035 1910 primo
1058 1825 1255 1911 congressu⁸
1279 1831 1311 1892 et

91 1929 150 1995 sub
172 1929 366 2015 praecedenti
398 1931 557 1998 arliculo⁸
581 1931 666 2010 satis,
690 1931 811 2016 opinor,
842 1931 987 1998 edoctum
1020 1937 1076 1998 est.
1108 1930 1166 1998 Sed
1190 1931 1310 1997 utinam

90 2034 295 2104 observaretis
319 2037 403 2104 Pauli
427 2037 592 2105 consilinm
610 2038 662 2105 bic
678 2055 735 2124 per
760 2055 815 2104 vos
836 2036 1017 2117 adductum,
1041 2037 1095 2123 qui
1121 2037 1188 2104 vult
1206 2037 1312 2104 omnia
1334 2054 1354 2099 r.
1368 2055 1418 2100 ce.
1432 2053 1465 2098 n.

93 2141 157 2208 lieri
178 2143 320 2210 ordinate
343 2161 379 2211 ac
401 2143 514 2212 decore
536 2143 568 2209 in
592 2144 736 2212 Ecclesia.
760 2144 842 2210 Nihil
858 2143 941 2211 enim
966 2152 1071 2211 vestra
1094 2145 1152 2211 ista
1177 2143 1312 2212 Ecclesia

94 2265 191 2336 neque
214 2249 376 2317 confusius
409 2267 512 2337 neque
546 2249 728 2330 delnrmius,
758 2251 790 2317 in
824 2268 898 2337 qua,
922 2250 1045 2318 sublato
1068 2249 1177 2318 ordine
1201 2268 1310 2317 rerum

93 2355 228 2423 omnium
253 2357 479 2441 pulcherrimo,
503 2357 601 2424 instar
638 2357 752 2425 veteris
783 2357 957 2425 Socraticae
987 2375 1023 2425 ac
1054 2356 1227 2424 Platonicae
1251 2357 1311 2424 rei-

95 2461 240 2546 publicae,
258 2469 426 2556 praetento
450 2463 643 2531 Christianae
666 2463 818 2532 libertatis
842 2471 910 2530 tum
926 2463 1068 2550 aequalia
1084 2471 1150 2530 lum
1170 2481 1311 2530 commu-

94 2568 142 2634 nia
163 2569 223 2635 sint
258 2570 372 2636 omnia
398 2607 437 2618 —
463 2571 560 2637 Porro
590 2569 675 2655 quod
709 2570 845 2657 denique
878 2569 1096 2637 ministrorum
1128 2569 1310 2637 electionem

95 2673 247 2762 sullragiis
270 2677 377 2762 populi
413 2675 528 2744 debere
558 2676 626 2744 lieri
661 2676 856 2755 contenditis,
891 2694 933 2744 ex
968 2675 1045 2743 actis
1075 2675 1257 2762 llpostolicis
1280 2682 1312 2742 et

95 2778 223 2849 Paulinis
245 2782 385 2868 epistolis
420 2783 503 2851 baud
534 2784 619 2863 satis,
648 2783 774 2870 quando
809 2784 872 2850 loca
905 2801 966 2850 non
995 2781 1212 2868 proferuntur,
1236 2781 1312 2869 quid

94 2886 147 2954 sibi
171 2888 254 2967 velit,
279 2887 311 2921 *³
332 2889 551 2976 intelligimus3
576 2907 633 2958 nos
655 2891 736 2957 enim
761 2890 809 2956 bis
832 2890 893 2956 iam
917 2908 958 2956 ex
982 2889 1126 2976 utrisque
1149 2889 1313 2956 diversum

94 2994 291 3076 ostendimus
316 2995 374 3064 nisi
398 2995 479 3064 iente
501 2997 683 3064 electionem
706 2995 838 3064 llatbiae
861 2996 994 3082 Apostoli
1012 3014 1070 3081 pro
1099 2995 1186 3063 robis
1209 2995 1312 3063 lacere

95 3098 222 3168 creditis.
248 3103 284 3168 lt
307 3101 385 3168 nibil
409 3103 523 3170 minus.
548 3103 613 3170 Non
644 3103 727 3170 enim
762 3102 893 3170 llalbias
926 3101 1143 3187 Apostolorum
1178 3119 1312 3168 numero
1335 3121 1384 3164 aa.
1399 3120 1419 3163 r.

94 3207 244 3293 ascriptus
258 3215 306 3276 est
322 3209 422 3294 plebis
439 3217 559 3276 tantum
577 3227 741 3288 consensu,
758 3215 790 3275 at
805 3209 958 3276 sententia
981 3208 1168 3276 universalis
1191 3207 1312 3275 concilii

95 3317 183 3380 totam
206 3314 373 3382 Ecclesiam
392 3315 565 3395 relerentiS,
581 3314 753 3401 etquidem
767 3314 820 3346 “⁴³
844 3315 925 3382 Petri
942 3322 1008 3382 tum
1025 3315 1139 3382 summi
1158 3313 1313 3381 Pontificls
1337 3369 1343 3381 .

94 3421 274 3488 auctoritate
298 3421 406 3502 coacti,
431 3423 551 3490 tametsi
577 3423 656 3490 ratio
680 3422 732 3488 illa
754 3422 914 3489 electionis
937 3440 993 3507 per
1016 3429 1132 3489 sertem
1157 3420 1187 3487 in
1211 3419 1313 3488 Eccle-

93 3525 135 3592 sia
158 3545 289 3613 prorsus
311 3529 373 3596 iam
396 3529 579 3596 exoleverit.
603 3529 691 3613 Quod
715 3537 820 3596 autem
849 3529 912 3596 illic
947 3527 1033 3596 nulla
1063 3528 1312 3596 ceremoniarum

94 3631 122 3698 in
144 3633 338 3702 ordinatione
362 3635 505 3712 llatbiae‚
521 3635 603 3702 sicut
626 3635 656 3701 in
682 3635 767 3702 Pauli
783 3643 814 3702 et
831 3634 988 3702 Barnabae
1004 3635 1209 3713 ordinatione,
1231 3651 1314 3700 men·

94 3739 133 3806 tio
154 3739 219 3820 liat,
244 3741 315 3809 inde
337 3741 455 3809 iactum
480 3739 728 3826 alintummas
762 3741 888 3829 quidam
920 3747 1097 3822 autumant,
1129 3739 1212 3826 qnod
1245 3748 1312 3807 tum

150 3883 162 3908 '
181 3901 194 3927 ι
204 3887 306 3932 uuum»
326 3885 402 3932 deest.

151 3965 174 3984 '⁵
190 3965 303 4014 Additum
320 3967 370 4012 aab:
392 3977 461 4012 «non
472 3981 496 4012 ι.
810 3964 846 3985 ·“·
863 3963 912 4023 qni.

160 4243 169 4277 ¹
189 4245 332 4312 Confessio,
351 4245 487 4299 deliciante
505 4245 650 4309 sacerdote,
669 4245 693 4297 in
714 4244 872 4298 necessitatis
891 4258 953 4298 casu
973 4243 1038 4296 laico
1057 4243 1132 4306 lacta,
1151 4243 1221 4296 certe
1239 4239 1314 4295 ulilr's

95 4347 145 4390 erac
159 4337 247 4406 puteal
263 4333 301 4390 ud
324 4333 497 4390 mutandam
520 4332 715 4400 contritionem,
735 4347 786 4386 non
807 4339 893 4386 autem
913 4333 1004 4386 elnam
1022 4345 1058 4386 ec
1076 4344 1156 4401 opere
1174 4333 1294 4400 operato.

162 4423 275 4491 ’Supra
295 4424 338 4478 la.
359 4423 402 4478 le.

160 4511 172 4544 ⁸
192 4515 243 4568 rra
262 4529 304 4584 sq.
