3390 5096
401 325 465 390 ala
715 341 911 392 murmano
935 343 1168 391 acunaaararsur
1192 343 1309 390 uantur.

401 466 476 552 legis
498 466 652 534 sacrificio
675 485 758 534 nunc
790 467 934 534 instituto
957 485 1016 552 pro
1051 467 1335 536 innumerabilibus
1368 469 1517 554 antiquae
1554 465 1626 552 legis

399 571 570 652 sacrificiis,
592 572 762 658 discipulos
785 591 860 640 suus
883 575 914 640 iu
937 573 1115 641 sacerdotes
1138 574 1200 641 iam
1224 581 1291 640 tum
1316 591 1504 641 consecrans
1519 573 1625 639 eadem

399 679 508 765 agendi
533 687 715 764 potestatem
741 680 802 746 illis
824 680 953 748 tradidit
975 699 1011 748 ac
1043 680 1151 746 eadem
1180 697 1274 765 agere
1309 681 1467 766 praecepit
1502 680 1625 747 dicens:

231 802 331 901 iffi,
343 801 380 908 ,εἴ
400 785 469 852 Hoc
490 783 591 872 [acite
614 785 649 852 in
666 787 731 852 mei
744 788 1098 864 commemorationem,
1117 788 1176 854 hoc
1199 795 1257 866 est,
1280 786 1547 873 quemadmodum
1572 805 1627 871 ego

292 911 327 954 25.

400 910 484 960 nunc
507 892 576 971 ieci,
600 894 642 959 ita
663 911 791 979 quoque
813 901 845 960 et
869 911 923 960 ros
947 894 977 960 in
1011 893 1070 961 mei
1096 894 1186 960 tacite
1209 893 1404 972 memoriam,
1428 893 1457 960 id
1490 902 1550 970 est,
1576 912 1626 978 pa·

399 1017 470 1066 nem
494 1007 525 1066 et
550 1000 655 1066 vinum
681 1000 711 1065 in
743 1017 869 1067 carnem
892 1006 924 1067 et
947 1001 1130 1086 sanguinem
1160 1009 1352 1078 consecrate,
1379 999 1490 1068 olierte
1512 1017 1551 1067 ac
1575 1017 1627 1066 su·

399 1107 484 1174 mite.
508 1107 660 1191 Quoniam
677 1124 753 1192 ergo
771 1107 916 1174 Christus
939 1115 1087 1192 tanquam
1116 1106 1261 1174 sacerdos
1286 1105 1460 1174 secundum
1484 1107 1624 1173 ordinem

399 1213 623 1280 Melchisedech
648 1221 715 1279 tum
740 1215 873 1299 inpane
904 1221 934 1280 et
966 1215 1039 1280 rino
1062 1214 1250 1282 sacrificavit
1275 1215 1366 1280 iuxta
1389 1231 1500 1281 omnes
1524 1213 1625 1280 Eccle-

398 1321 462 1388 siae
485 1319 628 1387 doctores
651 1339 780 1406 graecos
801 1331 896 1407 atque
922 1322 1042 1399 latinos,
1067 1321 1206 1406 prolecto
1222 1338 1418 1407 consequens
1441 1328 1499 1399 est,
1523 1337 1626 1387 sacer-
1678 1315 1679 1370 l

397 1427 485 1494 dotes
510 1427 707 1512 Evangelicus
738 1429 796 1494 hoc
829 1429 930 1513 ipsum
960 1445 1000 1494 ex
1026 1427 1141 1495 Christi
1167 1434 1234 1524 tom
1260 1427 1414 1506 instituto,
1444 1437 1511 1494 tum
1538 1443 1624 1512 prae
1678 1453 1679 1520 q

398 1541 488 1619 cepto
510 1533 693 1612 factitantes,
711 1535 794 1620 ipsos
809 1553 936 1620 quoquc
952 1535 1138 1602 sacrificare.
1156 1535 1231 1600 Nam
1248 1534 1302 1619 qui
1320 1533 1396 1600 alias
1416 1533 1624 1602 sacerdotium
1678 1531 1679 1600 l

398 1639 523 1719 Christi,
543 1639 627 1727 quod
651 1649 698 1708 est
720 1642 892 1708 secundum
918 1641 1059 1708 ordinem
1092 1641 1328 1720 Melchisedech,
1351 1641 1412 1708 erit.
1435 1645 1625 1708 aeternum?

398 1747 532 1814 Tametsi
555 1746 638 1813 enim
662 1747 791 1815 ellectus
806 1747 871 1814 sive
894 1747 1018 1814 lructus
1033 1747 1176 1814 sacrificii
1194 1765 1213 1813 a
1228 1747 1354 1814 Christo
1370 1747 1401 1813 in
1417 1765 1514 1814 crure
1531 1745 1624 1812 oblati
1678 1747 1679 1832 l

397 1861 561 1937 permanet
577 1854 606 1919 in
623 1862 798 1933 aeternum,
816 1863 917 1921 tamen
935 1853 1002 1939 ipsa
1017 1853 1121 1920 crucis
1137 1853 1323 1921 sacrificatio
1340 1853 1512 1938 praeteriit.
1530 1853 1627 1919 Porro

397 1975 433 2025 ea
456 1959 570 2038 omnia,
594 1977 674 2046 quae
686 1960 830 2028 Christus
855 1961 885 2026 iu
909 1961 956 2027 sui
983 1961 1165 2027 memoriam
1192 1959 1261 2027 [ieri
1286 1960 1386 2037 iussit,
1403 1961 1434 2025 in
1452 1959 1549 2027 missa
1573 1959 1627 2024 Ro-
1678 1969 1679 2026 ζ

399 2085 490 2134 mano
514 2063 603 2150 (184)
633 2085 719 2134 more
746 2067 902 2134 celebrata
926 2067 992 2134 lieri
1018 2074 1149 2134 constat.
1176 2068 1227 2134 Est
1251 2067 1347 2152 igitur
1375 2067 1469 2134 missa
1495 2067 1623 2134 unicum

397 2173 528 2253 risibile,
553 2175 715 2260 proprium
739 2183 770 2241 et
793 2174 865 2260 iuge
882 2175 951 2240 nori
977 2175 1151 2242 testamenti
1177 2173 1377 2241 sacrificium.

488 2281 603 2348 Deinde
630 2280 789 2365 apostolos
821 2288 853 2348 et
885 2280 1054 2366 discipulos
1080 2281 1147 2348 lesu
1181 2280 1295 2348 Christi
1325 2281 1541 2366 praeceptoris
1576 2277 1623 2345 sui

398 2390 578 2456 mandatum
602 2395 752 2454 executus
775 2387 870 2454 luisse
886 2405 922 2454 ac
938 2387 1139 2467 sacrificasse,
1156 2389 1255 2454 Lucas
1271 2388 1301 2454 in
1318 2390 1465 2454 Actorum
1482 2385 1623 2462 historia,

398 2495 525 2561 Erasmo
556 2495 737 2580 interprete,
770 2512 920 2580 perquam
953 2495 1129 2562 luculenter
1154 2495 1238 2562 hisce
1262 2493 1367 2561 verbis
1394 2501 1564 2562 attestatur
1587 2491 1623 2558 de

396 2602 558 2687 prophetis
580 2611 612 2668 et
634 2601 824 2679 doctoribus,
848 2602 901 2686 qui
927 2609 993 2668 tum
1029 2602 1209 2669 antiochiae
1239 2601 1403 2688 degebant,
1438 2601 1521 2668 inter
1545 2615 1624 2686 quos
1678 2587 1679 2648 l

395 2707 488 2776 etiam
513 2708 626 2775 Paulus
648 2715 680 2776 et
710 2709 867 2776 Barnabas
900 2717 1001 2788 erant,
1027 2708 1111 2776 hrruc
1136 2709 1166 2774 in
1191 2709 1319 2776 modum
1352 2708 1512 2776 scribens:
1540 2707 1621 2775 Cum

396 2825 506 2882 arcton
531 2813 581 2881 illi
601 2813 832 2898 sacrificarent
855 2815 988 2882 domino
1012 2817 1289 2902 ι’θῑῑιηιινεπεᾳιιε1
1313 2823 1371 2882 etc.
1396 2815 1445 2882 Sic
1469 2815 1621 2893 animat

395 2923 465 3002 alia,
483 2923 533 2989 hic
554 2923 700 2989 Erasmus
724 2923 857 2989 reddidit
880 2923 1118 3008 significantius.
1137 2922 1254 2989 Verum
1272 2922 1392 3008 quoda
1409 2920 1512 2988 latinis
1530 2922 1624 3006 vulgo
1678 2985 1679 3018 ,

396 3029 489 3097 missa
512 3029 638 3108 dicitur,
662 3030 788 3097 nomine
810 3049 851 3097 ex
876 3031 1014 3096 Hebraeo
1038 3030 1122 3096 lonte
1153 3029 1298 3108 deducto,
1322 3029 1347 3096 si
1372 3027 1448 3126 quid
1473 3028 1621 3096 Hebraice

396 3136 504 3221 peritis
527 3136 677 3215 creditur,
696 3137 754 3203 hoc
770 3137 873 3222 ipsum
897 3156 915 3202 a
938 3135 1064 3203 Graecis
1086 3139 1237 3213 λειτουργία
1260 3142 1401 3202 vocatur.
1425 3133 1524 3202 Cuius
1548 3149 1623 3200 voce

395 3243 560 3328 coniugata
585 3243 644 3310 hoc
680 3243 746 3310 loco
781 3261 894 3330 graeca
924 3250 1060 3310 utuntur
1094 3242 1300 3328 exemplaria.
1325 3242 1437 3326 hiquet
1460 3241 1619 3327 igiturex

396 3349 455 3416 hcc
478 3368 605 3436 quoque
629 3350 705 3430 luco,
730 3351 854 3417 missam
879 3369 946 3418 esse
970 3350 1169 3417 sacrificium.

485 3457 653 3536 Postremo,
666 3457 788 3543 nequis
801 3459 885 3524 hunc
900 3459 1000 3524 locum
1015 3457 1100 3523 velut
1115 3456 1154 3523 de
1166 3456 1321 3541 spirituali
1336 3455 1490 3522 sacrificio
1501 3454 1620 3523 dictum

396 3563 493 3649 possit
515 3563 651 3642 eludere,
678 3564 807 3631 verbum
832 3565 1027 3631 continenter
1051 3564 1206 3630 adiectum
1231 3563 1402 3630 elusionem
1419 3561 1505 3628 illam
1530 3559 1619 3628 resel-

396 3669 440 3750 lit,
464 3669 617 3756 siquidem
641 3679 672 3737 et
695 3670 845 3738 ieiunium
870 3671 1032 3756 spirituale
1049 3670 1239 3737 sacrificium
1257 3678 1321 3750 est;
1338 3675 1474 3736 attamen
1492 3687 1511 3736 e
1527 3667 1620 3735 Paulo

395 3777 526 3844 uberius
550 3777 701 3844 refutabo.
725 3778 832 3844 Nonne
856 3778 969 3845 Paulus
992 3778 1133 3845 meminit
1156 3776 1321 3862 aliquoties
1336 3793 1409 3842 arae
1432 3793 1490 3842 seu
1513 3773 1619 3842 altaris

396 3883 467 3949 novi
491 3883 691 3950 testamenti?
714 3885 787 3950 Nam
813 3885 925 3951 tectius
954 3884 1080 3969 quidem
1113 3883 1143 3949 in
1176 3883 1355 3962 Corinthiis,
1379 3899 1443 3968 quo
1467 3882 1536 3950 loco
1559 3880 1617 3946 ait:

241 4005 262 4050 r.
276 4007 325 4056 cor.
340 4008 374 4061 m,
397 3987 471 4055 Non
490 3991 623 4075 potestis
646 4010 777 4058 mmmce
799 3991 927 4058 domini
947 3990 1128 4077 participes
1152 4009 1219 4056 esre
1241 3999 1270 4056 et
1285 4007 1416 4056 merasce
1430 3987 1615 4056 doemonio·

289 4062 324 4108 ’¹'
396 4115 484 4161 runa.
509 4097 561 4162 llic
583 4097 665 4164 enim
690 4105 725 4164 nt
757 4116 879 4165 mensas
909 4097 1144 4165 daemoniorum
1179 4103 1267 4163 vocat
1290 4113 1361 4162 aras
1385 4095 1552 4174 idolorum,
1576 4093 1616 4160 sir

466 4365 475 4397 ¹
497 4367 580 4422 Eacb.
601 4383 624 4421 c.
645 4369 686 4420 ld.
704 4371 726 4420 G
745 4369 775 4419 2:
796 4369 838 4420 Sic
856 4377 881 4421 et
899 4367 925 4418 in
944 4367 1014 4420 aletis
1032 4365 1189 4431 Apostollcis
1210 4367 1263 4434 (ll,
1283 4366 1325 4433 tl:
1349 4363 1562 4429 ministrantibus,
1582 4363 1614 4413 in·

394 4457 450 4525 quit
468 4458 560 4521 Luras,
580 4457 632 4524 (alli
651 4463 735 4510 textus
753 4455 832 4510 huhet
849 4453 1075 4526 sacrificantibus,
1095 4458 1145 4508 hoc
1165 4463 1204 4508 est
1223 4469 1296 4508 sarra
1315 4451 1496 4522 operantibus)
1513 4455 1562 4506 illis
1574 4451 1615 4504 de

393 4546 465 4600 mino
484 4553 510 4598 et
529 4546 712 4606 ieiunantibus,
731 4545 793 4600 dixit
814 4546 860 4600 illis
878 4546 985 4614 spiritns
1005 4551 1111 4600 sanctos
1130 4551 1179 4598 etc.
