3378 5082
558 323 670 371 narnus
694 321 899 398 coneuassvs.
1299 305 1341 370 tt

108 443 266 522 dicatum,
290 445 374 530 apud
398 463 507 513 omnes
530 447 679 532 paulatim
705 447 870 524 creditum,
902 452 972 531 post
994 445 1153 512 Christum
1187 447 1217 512 in
1241 447 1343 514 coelos

111 569 282 618 reversum
307 552 480 636 praedicari
506 561 651 638 coeptum
675 561 707 620 et
731 553 867 638 legitima
891 560 1015 638 patrum
1033 551 1289 639 interpretatione
1304 551 1342 619 ad

111 675 172 724 nos
195 675 300 744 usque
323 658 512 726 deductum:
536 677 600 745 qua
624 667 690 726 tum
715 658 909 744 impudentia
931 666 962 725 et
985 657 1150 725 scribendo
1166 665 1197 725 et
1221 658 1342 743 praedi-

111 763 215 831 cando
240 765 364 832 mentiri
389 783 451 832 non
487 766 716 852 pertimescitis,
751 765 951 850 Euangelium
980 765 1100 850 aliquot
1133 765 1193 831 iam
1229 765 1343 832 seculis

110 871 346 951 absconditum,
369 889 588 957 suppressum,
612 873 839 957 proculcatum,
863 877 958 957 atoue
989 873 1164 956 neglectum
1188 872 1343 940 iacuisset

110 976 180 1042 Cur
191 977 367 1044 istiusmodi
381 978 520 1063 strophis
532 977 763 1063 mendaciisque
779 977 1015 1063 impudentibus
1031 989 1229 1044 communem
1246 977 1343 1044 omni-

110 1083 176 1150 bus
199 1083 356 1168 Evangelii
381 1083 511 1170 gloriam
536 1084 624 1151 rolris
639 1085 714 1152 solis
729 1103 878 1170 arrogare
895 1103 955 1152 non
972 1084 1091 1169 pudet?
1114 1084 1177 1150 Cur
1201 1084 1261 1152 sub
1278 1092 1340 1150 tam

112 1191 248 1256 salutari
266 1190 392 1257 numine
409 1197 453 1258 tot
469 1191 680 1259 calamitatum
698 1191 863 1276 plaustra¹
889 1192 918 1257 in
935 1191 1044 1258 orbem
1068 1209 1196 1276 quoquo
1213 1208 1339 1258 versum

111 1295 287 1363 invehitis?
310 1296 565 1364 Vetustissimnm
590 1306 647 1376 est,
671 1297 732 1364 sub
754 1279 922 1382 praetextu
948 1315 1056 1364 rerum
1079 1297 1268 1396 optimarum
1286 1297 1342 1363 lal-

112 1404 191 1482 lerc,
215 1410 248 1468 at
271 1403 353 1470 idem
370 1403 655 1471 sceleratissimum.
674 1405 725 1470 Sin
742 1421 818 1470 vero
833 1403 917 1470 aliud
934 1405 1084 1490 citatque
1100 1403 1272 1482 diversum,
1287 1422 1342 1470 va

112 1511 161 1577 bis
187 1509 300 1577 habete
323 1518 463 1577 restrum
489 1510 572 1578 istud
606 1510 817 1596 Evangelium,
841 1510 931 1577 nobis
961 1528 1033 1577 cum
1062 1510 1128 1577 suis
1158 1509 1341 1577 arictorluus

109 1635 151 1684 ex
179 1616 315 1702 apostoli
341 1617 534 1702 praescripto
557 1618 723 1684 anatliema
746 1625 794 1684 est
824 1635 860 1684 ac
885 1617 1093 1685 maledictum.
1122 1616 1232 1684 ludite
1263 1617 1341 1684 Pau-

111 1725 179 1790 lum
202 1723 242 1789 ad
266 1723 390 1790 Galatas
413 1741 487 1790 suos
511 1723 596 1790 hunc
620 1723 651 1790 in
684 1723 811 1790 modum
835 1725 950 1791 acriter
977 1723 1213 1809 obiurgantem:
1234 1723 1341 1791 Miror
1359 1740 1407 1785 nn.
1422 1739 1442 1794 r,
1456 1738 1499 1784 aa

110 1829 202 1919 quod
224 1835 248 1902 a'
274 1826 415 1908 Christo,
439 1831 499 1918 qai
520 1831 650 1897 vocavit
672 1849 729 1896 voa
750 1849 811 1916 per
831 1831 995 1916 gratiam,
1012 1831 1094 1896 adeo
1117 1831 1180 1896 cito
1197 1828 1341 1917 trnrrcse·

111 1936 245 2002 remini
266 1935 304 2001 iu
325 1935 422 2002 aliud
445 1936 674 2023 Evaapeliam,
691 1937 780 2026 qaod
801 1957 867 2004 noa
890 1943 936 2002 ert
958 1935 1065 2015 aliud,
1081 1936 1151 2002 aiei
1164 1937 1252 2024 qaod
1267 1937 1340 2025 pai·

110 2041 193 2108 dam
209 2051 302 2121 eant,
319 2042 379 2130 qai
394 2041 532 2108 tardant
547 2061 604 2108 voc
619 2052 649 2109 ει
664 2042 777 2110 voluat
792 2043 953 2110 invertere
971 2041 1185 2130 Evangeliavr
1205 2040 1338 2110 Christi.

113 2149 268 2215 Cervam
291 2149 352 2214 etri
375 2168 445 2225 aar,
470 2159 530 2216 avt
552 2149 692 2237 angelus
714 2149 832 2217 ecoclo
852 2149 1100 2236 praedicaverit
1115 2148 1207 2215 vobis
1232 2151 1339 2215 Evan-

107 2253 246 2341 geliam,
282 2261 414 2340 practer
447 2256 483 2322 id
517 2257 605 2344 quod
636 2257 911 2342 praedicavimus
941 2254 1044 2333 vadia,
1078 2252 1258 2321 anatliema
1284 2255 1339 2332 sit,

110 2361 392 2450 quemadmodum
416 2370 493 2429 arcte
515 2363 665 2429 diximus
688 2371 717 2429 ει
747 2383 837 2430 avae
868 2362 989 2428 itervm
1012 2362 1104 2429 dico:
1129 2361 1167 2429 Si
1188 2362 1263 2450 qais
1287 2381 1339 2428 va

113 2466 165 2534 bia
197 2467 446 2554 praedicaverat
469 2469 685 2556 Evangeliam
717 2478 852 2554 praeter
880 2469 915 2535 id
938 2470 1025 2557 qreod
1048 2469 1231 2556 accepistis,
1254 2487 1339 2536 aaa·

113 2571 224 2640 tirerna
257 2574 311 2640 cit.
348 2575 406 2642 Sed
440 2582 472 2642 et
506 2576 537 2642 in
573 2577 744 2661 posteriore
775 2576 812 2642 ad
844 2575 1022 2642 Corinthios
1052 2576 1198 2661 epistola:
1234 2576 1340 2643 Metuo
1362 2593 1383 2636 a.
1398 2591 1447 2636 cor.
1463 2591 1496 2646 n,

111 2681 253 2766 (inquit),
273 2699 314 2748 ae
344 2701 413 2770 para
441 2681 515 2766 fiat,
546 2691 583 2748 at
613 2683 891 2772 quemadmodum
926 2701 1059 2768 saperes
1091 2683 1195 2747 mam
1219 2681 1341 2767 decepit
1398 2645 1453 2690 Μ’

112 2786 263 2854 υενειιιια
297 2807 374 2866 stra,
410 2787 458 2854 ita
481 2797 746 2876 corrumpantur·
779 2808 896 2855 cancer
929 2788 1031 2854 vestri
1063 2807 1086 2854 a
1118 2788 1338 2875 simplicitate,

111 2912 199 2982 puae
220 2901 295 2960 erat
329 2913 412 2981 erpa
437 2892 615 2963 Christum.
640 2894 727 2962 Nam
762 2896 795 2961 ci
828 2896 857 2961 is
891 2895 1058 2984 parvenit
1092 2894 1199 2961 aliam
1231 2896 1339 2961 leram

109 2999 299 3086 praedant,
335 3020 431 3089 quem
466 3021 531 3068 noa
561 3001 844 3087 praedicavimus,
881 3011 942 3068 aot
971 3002 1003 3068 ai
1035 3001 1194 3088 spiritam
1232 3001 1339 3069 aliam

112 3105 278 3192 acm'pr'tir,
302 3126 397 3195 quera
420 3127 487 3174 aaa
510 3107 693 3194 accepistis,
717 3115 778 3174 avt
801 3107 1019 3194 Evaapelivm
1042 3107 1149 3187 astina,
1165 3108 1254 3196 qreod
1273 3129 1339 3176 noa

113 3213 301 3299 accepistis,
324 3223 410 3281 recte
431 3214 684 3291 sustinuissem,
701 3213 850 3281 nimirum
868 3215 1029 3300 praeclare
1044 3215 1223 3302 significans
1239 3234 1338 3282 unum

111 3337 182 3388 esse
205 3319 378 3400 Christum,
402 3339 501 3388 unum
525 3321 682 3408 spiritum,
706 3339 806 3388 arnum
831 3321 1043 3407 Evangelium.
1070 3359 1112 3372 -
1135 3322 1216 3406 Quin
1241 3333 1277 3389 ut
1292 3321 1338 3388 al-

112 3427 176 3495 tius
200 3428 295 3514 paulo
319 3436 476 3514 repetam:
501 3428 593 3496 Sicut
608 3447 698 3495 anas
713 3436 760 3494 ert
777 3429 874 3505 Deae,
901 3429 949 3494 r'ta
965 3447 1055 3494 uuas
1070 3436 1116 3495 eet
1135 3429 1224 3495 teras
1243 3425 1338 3496 Clara·
1360 3442 1506 3496 tatu-tt·

111 3543 196 3613 rtur,
219 3535 385 3602 mediator
409 3535 469 3602 Dei
490 3543 519 3602 ει
542 3531 696 3614 dominis,
720 3535 902 3620 (nonenim
926 3535 1056 3602 atnam
1090 3543 1136 3602 eet
1161 3531 1336 3618 alietas).
1355 3549 1505 3604 teocam.

113 3641 201 3708 Sicut
223 3640 368 3709 Christus
391 3659 476 3708 unus
498 3650 555 3722 est,
580 3642 622 3709 ita
646 3659 744 3709 unum
771 3642 982 3728 Evangelium,
1016 3650 1124 3728 utpote
1148 3642 1262 3708 Christi
1295 3643 1338 3709 le·

112 3747 207 3834 gutia,
231 3755 263 3816 et
286 3753 386 3815 totum
411 3749 470 3816 hoc
494 3748 691 3834 mysterium,
715 3747 799 3834 quod
823 3749 873 3815 lrio
898 3749 928 3815 iu
953 3766 1048 3816 carne
1084 3749 1226 3834 patrarit.
1252 3748 1338 3817 Sicut

114 3872 215 3922 unum
241 3853 453 3940 Evangelium,
477 3855 520 3922 ita
543 3855 621 3922 tides
644 3874 707 3926 uua
730 3853 822 3941 (fider
845 3857 927 3922 enim
952 3875 991 3922 eu
1015 3855 1135 3922 arrdita
1159 3857 1227 3940 eet).
1252 3856 1338 3923 Siout
1356 3871 1505 3927 nonnata

113 3960 191 4030 tides
214 3979 288 4041 una,
312 3961 355 4028 ita
378 3979 442 4028 una
464 3979 591 4048 quoque
614 3961 760 4041 Ecclesia,
784 3979 895 4048 nempe
918 3961 1117 4049 congregatio
1140 3962 1290 4042 fidelium,
1307 3969 1338 4030 et

113 4085 176 4136 nna
199 4067 262 4135 lide
284 4075 439 4136 constans.
465 4067 604 4155 Denique
628 4068 709 4136 siout
735 4069 868 4137 Ecclesia
892 4088 964 4148 una,
988 4069 1032 4137 sic
1056 4087 1140 4138 unus
1163 4067 1231 4154 (17)
1265 4071 1337 4137 item

112 4231 380 4244 ..———.—.-

183 4335 192 4367 ¹
212 4335 252 4392 Cl.
266 4351 293 4401 p.
306 4335 377 4403 (datr
398 4341 449 4389 tota
465 4333 594 4405 plaustra
613 4336 831 4390 testimoniorum.
848 4363 883 4378 -
903 4337 974 4391 diora
987 4337 1009 4388 ll
1024 4335 1073 4390 lb:
1088 4342 1141 4389 tam
1155 4343 1248 4390 onusta
1257 4334 1339 4406 plaa-

112 4429 170 4482 raa
190 4423 343 4478 maledicite
361 4451 397 4465 -
415 4423 490 4479 Ara:
511 4423 640 4493 pumera
666 4425 792 4479 conviciis
811 4431 912 4480 onusto.
930 4453 967 4466 -
984 4423 1066 4481 nera.
1091 4425 1114 4478 x
1139 4425 1172 4478 ιι
1196 4425 1338 4492 Quidam...

113 4527 259 4584 maurum
275 4511 404 4586 planam
423 4513 583 4568 minitantur.
