3378 5082
552 343 666 392 rursus
688 342 894 392 cononsssos.
1290 323 1334 392 ts

101 475 193 545 suut,
217 467 341 534 divinae
364 467 466 552 palam
490 467 599 536 literae
622 475 788 535 testantur.
820 466 901 552 Quid
924 467 1006 535 cuim
1030 467 1069 534 de
1093 467 1177 535 Pauli
1206 475 1238 535 ct
1260 467 1335 534 llar-

100 575 207 642 mone
229 573 443 660 designatione
465 575 625 660 scriptura
647 577 920 642 commemoravi
935 573 1203 642 Ministrantilras
1222 585 1334 642 antem
1356 589 1405 634 ιιι
1420 587 1453 642 ¹³.
1467 589 1488 634 ¹·

102 679 176 748 illis
197 681 332 748 domino
362 689 393 747 et
423 679 650 748 ieiunantibus
684 679 771 748 dtait
804 681 946 766 spiritam
975 689 1132 748 sanetas:
1162 681 1335 768 Seps-epate

102 785 194 854 milti
216 786 415 854 panacem
438 795 468 854 ct
490 786 633 854 Saniam
658 788 694 854 in
717 807 814 874 opas,
839 787 886 854 ad
908 787 997 876 qnod
1018 789 1181 855 accersivi
1202 807 1264 856 eos.
1289 789 1333 856 Eu

101 893 353 980 designationem
377 894 547 980 utriusque
574 893 613 961 ad
636 912 754 962 munus
784 895 994 980 apostolicum
1028 895 1087 962 hoc
1118 894 1186 962 loco
1209 895 1332 982 spiritui

102 1010 217 1068 sancto
239 1000 401 1068 tributam.
425 1001 517 1086 Quid,
541 1001 625 1087 quod
642 1002 787 1069 Paulus
779 1019 856 1087 ipse,
881 1009 948 1069 tum
971 1009 1089 1087 aperte,
1113 1008 1180 1068 tum
1204 1019 1334 1088 genera-

102 1107 180 1175 liter
204 1107 303 1175 [lcum
326 1108 370 1176 ait
392 1107 513 1176 dedisse
536 1125 572 1175 ac
595 1108 737 1193 posuisse
760 1109 791 1175 in
817 1108 961 1186 Ecclesia,
984 1108 1069 1175 alios
1092 1109 1222 1196 quidem
1248 1114 1380 1219 Apo¹8
1357 1121 1378 1164 ¹
1391 1121 1440 1166 σα
1434 1120 1492 1228 ιι,

101 1213 217 1293 stolas,
240 1213 327 1280 alios
349 1211 638 1300 veroproplsetas,
662 1214 748 1281 alios
770 1225 882 1282 autem
909 1215 1252 1302 aucmentandum
1275 1235 1332 1282 aa·
1353 1173 1492 1273 ”¹353ss

104 1329 170 1386 tem
189 1330 344 1408 pastores
366 1330 396 1387 ct
417 1321 575 1387 doctores
599 1321 688 1406 Quod
713 1339 752 1388 ne
774 1321 813 1388 de
836 1321 946 1406 primis
974 1328 1095 1388 tantum
1119 1322 1271 1407 spostotis
1301 1329 1333 1390 et

104 1425 313 1512 Evangelistis
334 1426 453 1493 dictum
477 1426 550 1512 quis
572 1443 713 1493 asserem
737 1427 843 1512 possit,
866 1445 903 1494 ac
927 1445 987 1494 non
1005 1427 1109 1512 potius
1131 1427 1170 1494 de
1185 1428 1332 1495 omnibus

102 1550 217 1600 aarum
241 1532 478 1600 successoribus
500 1537 532 1599 et
548 1532 700 1600 Ecclesiae
724 1533 875 1601 ministris
889 1533 928 1600 ad
944 1534 1039 1600 seculi
1062 1552 1163 1620 usque
1186 1552 1331 1602 consum-

102 1639 287 1718 mationem,
311 1657 386 1706 mon
411 1639 485 1706 inibi
510 1639 707 1707 continenter
729 1639 858 1708 adiecit:
882 1641 937 1707 Ad
960 1640 1237 1708 instaurationem
1253 1661 1332 1708 con·

103 1755 235 1811 ctoram
260 1743 330 1828 (15)
354 1745 391 1812 in
413 1765 498 1832 opas
513 1745 829 1826 administrationis,
846 1747 882 1813 in
905 1746 1165 1831 aedificationem
1182 1748 1333 1834 corporis

104 1849 246 1930 Christi,
269 1853 371 1919 donec
391 1853 628 1940 perveniamus
644 1872 755 1919 omnes
778 1854 813 1920 in
838 1855 999 1921 unitatem
1014 1853 1093 1938 fidei
1106 1855 1333 1941 etapnitionis

103 1957 171 2040 tilii
195 1959 255 2025 Dei
276 1966 335 2026 etc.
360 1996 403 2008 -
427 1958 485 2026 Sed
509 1977 662 2045 quorsum
698 1967 760 2026 tam
787 1959 886 2026 multa
921 1961 951 2026 in
988 1978 1023 2027 re
1059 1959 1332 2036 manifestanda

104 2065 197 2131 iuxta
220 2066 437 2150 pmverbium,
462 2067 493 2132 in
519 2083 553 2132 re
576 2083 637 2132 non
662 2065 758 2134 dulia
782 2075 876 2134 testes
899 2085 960 2133 non
984 2065 1081 2134 dubii.
1107 2067 1181 2133 Nam
1205 2073 1242 2133 ut
1264 2067 1332 2153 lege

102 2171 212 2238 divina
235 2171 264 2238 id
288 2191 350 2238 uon
375 2173 415 2238 sit
438 2171 644 2258 prohibitum,
661 2173 840 2258 promiscue
855 2173 1027 2258 quemlibet
1042 2172 1173 2240 verbnm
1200 2173 1331 2241 Daldis

104 2295 225 2356 serere,
247 2295 287 2344 au
312 2296 373 2345 non
398 2279 428 2344 in
452 2279 565 2346 ceteris
588 2278 721 2358 artibus
745 2280 945 2365 scientiisque
967 2280 1123 2358 omnibus,
1151 2289 1182 2347 et
1204 2279 1330 2366 quidem

103 2403 168 2451 non
193 2385 338 2470 ingenuis
361 2385 462 2464 modo,
489 2403 598 2452 verum
623 2387 715 2453 ctiam
742 2386 940 2465 mechanicis,
956 2385 985 2453 id
1003 2395 1058 2452 aut
1074 2386 1155 2452 civili
1181 2387 1260 2465 iure,
1276 2395 1331 2454 aut

105 2491 234 2559 decreto
259 2491 439 2578 municipali
464 2500 591 2560 cautum
609 2500 833 2577 servatumque
849 2493 1002 2573 videmus,
1026 2501 1062 2560 ut
1078 2511 1169 2560 nemo
1185 2492 1241 2560 nisi
1267 2494 1330 2579 pri-

104 2597 336 2664 manumortis
366 2599 521 2686 cuiusque
543 2599 672 2666 calculis
703 2599 733 2666 in
768 2617 804 2666 ea
829 2600 979 2684 probatus
1014 2599 1181 2686 magisterii
1217 2618 1328 2668 nomen

176 2845 185 2877 ¹
204 2847 291 2903 eccl.
310 2849 343 2902 li:
363 2849 425 2902 llitti
444 2863 496 2902 non
516 2855 554 2902 est
573 2849 623 2902 nisi
646 2847 680 2901 ab
704 2835 762 2914 alio,
781 2849 826 2917 qui
850 2849 964 2915 legitima
988 2849 1125 2903 autoritate
1148 2857 1174 2902 et
1197 2856 1283 2915 potest
1305 2857 1330 2904 et

103 2935 190 2990 debet
209 2938 342 2992 autoritas
360 2937 475 3004 legitima
503 2951 556 2990 non
584 2938 611 2990 in
631 2938 762 3003 Sergium,
781 2951 833 2990 non
853 2938 877 2990 in
903 2937 1092 3002 centtnionem,
1117 2953 1168 2992 non
1187 2939 1212 2991 in
1237 2938 1330 2992 Como-

104 3029 178 3090 dum,
196 3041 249 3081 uon
269 3028 295 3080 in
314 3028 470 3082 Eunuchum
489 3026 616 3080 Ccndacis
634 3028 750 3092 reginae,
769 3027 815 3080 sed
835 3027 861 3079 ln
882 3028 994 3092 Petrum,
1008 3028 1033 3080 in
1048 3028 1165 3093 Paulum,
1179 3028 1205 3080 in
1226 3028 1330 3098 Episco-

99 3131 161 3186 μοι,
179 3118 205 3170 in
223 3117 374 3181 annalium,
392 3116 508 3184 deniquo
527 3117 551 3169 in
564 3129 704 3171 sommam
717 3116 841 3182 competit
855 3116 1018 3186 Pordificcm.
1031 3119 1080 3186 Qui
1094 3117 1174 3183 igitur
1187 3119 1331 3188 munaida

98 3205 266 3276 principum
285 3212 331 3258 aut
348 3205 454 3258 intimae
474 3205 648 3258 multitudinis
660 3203 803 3274 suffragia
817 3205 998 3272 introducitur,
1012 3221 1062 3259 nan
1077 3212 1117 3260 est
1128 3213 1217 3272 pastor
1229 3209 1328 3262 osium.

101 3295 141 3350 et.
160 3295 223 3348 moa
243 3309 272 3361 p.
290 3293 375 3362 (¹¹7).

172 3383 210 3437 lb.
227 3385 249 3436 G
270 3381 321 3435 8¹:
339 3383 399 3450 Quo
418 3381 497 3436 modo
516 3383 602 3436 Aaron
616 3397 663 3448 pec
675 3383 786 3453 Mapscn
800 3382 828 3437 in
846 3385 946 3438 sortem
959 3382 1062 3438 domini
1080 3383 1236 3454 designatas
1255 3389 1330 3451 esi...

102 3475 140 3526 sic
159 3473 345 3539 innatorum
365 3482 391 3524 at
408 3471 516 3526 consilio
534 3477 560 3526 et
578 3473 732 3526 auctoritate
751 3473 868 3528 Mallias
887 3480 957 3526 sorte
975 3474 1072 3527 electus
1099 3480 1146 3527 est.
1166 3472 1211 3528 Sic
1229 3477 1327 3542 septem

102 3559 219 3624 damni
238 3561 288 3614 viri
307 3562 399 3628 spiritu
418 3568 508 3615 sancta
527 3562 606 3628 pleni,
625 3559 759 3630 designati
776 3570 842 3615 sunt.
863 3562 909 3617 Sic
932 3576 1084 3631 quanquam
1110 3561 1212 3616 Paulas
1237 3577 1254 3615 o
1274 3564 1328 3617 Deo

99 3649 242 3704 smerdius
260 3657 338 3713 esset,
362 3649 442 3702 nihilo
460 3659 548 3703 tamen
568 3651 655 3702 minus
673 3657 699 3703 et
717 3649 752 3703 ab
770 3651 900 3716 apostolis
918 3653 1104 3720 scprepotnr...
1129 3651 1236 3704 Accedit
1254 3651 1326 3718 quod

101 3741 196 3792 Paulus
217 3737 383 3793 lirnotienm
401 3747 428 3792 ct
448 3739 536 3793 litam
555 3737 680 3794 instituit.

172 3827 245 3882 llam
263 3841 287 3880 c.
307 3827 330 3880 l.
350 3829 401 3880 ¹³:
422 3827 495 3880 Duae
512 3836 572 3880 sunt
589 3835 674 3894 notae,
693 3825 790 3895 quibus
809 3842 886 3881 veros
906 3827 1037 3881 ministros
1055 3827 1203 3893 dignoscas.
1226 3827 1328 3882 Princi-

97 3916 143 3986 pio
160 3915 183 3970 si
201 3915 316 3981 legitima
335 3915 472 3969 autoritate
490 3915 687 3981 designentur...
707 3915 749 3970 Sic
768 3918 852 3970 Aaron
872 3931 885 3970 a
907 3917 961 3970 ooo
980 3927 1090 3970 vocatus
1102 3923 1149 3980 est,
1167 3917 1204 3970 sic
1216 3923 1242 3970 et
1261 3919 1327 3983 Apo·

100 4005 156 4058 stoli
173 4013 201 4058 ot
219 4005 341 4058 Paulus...
358 4005 397 4058 sic
414 4011 440 4057 ct
459 4003 566 4058 tlatnies
578 4003 613 4058 ab
632 4003 783 4058 hominibus
794 4005 902 4073 quidam
922 4006 1021 4058 accitus
1034 4013 1081 4067 est,
1100 4006 1146 4059 sed
1160 4007 1192 4059 lis
1210 4019 1326 4074 quorum

101 4094 222 4150 namt
239 4099 400 4148 atnvcntum
419 4093 535 4148 indicere
552 4093 718 4162 alterumque
736 4095 954 4160 praevaricatoris
972 4095 998 4148 in
1018 4095 1105 4148 locum
1118 4109 1267 4160 surrogans.
1287 4095 1326 4148 dd

100 4197 179 4252 quem
198 4183 311 4236 modum
330 4189 355 4236 et
374 4182 469 4236 Paulus
488 4181 577 4236 'litum
596 4195 627 4235 ao
646 4183 814 4237 Timotheum
833 4183 911 4246 misit,
926 4183 1009 4252 iisque
1029 4183 1174 4249 iniungens,
1187 4184 1224 4235 uti
1237 4192 1263 4236 et
1276 4183 1325 4249 ipsi

100 4287 146 4339 pet
164 4271 292 4326 Ecclesias
309 4271 461 4325 ordinarent
479 4271 619 4336 ministros,
639 4271 808 4338 presbyteros
827 4272 956 4338 videlicet,
975 4272 1101 4326 diaconos
1122 4279 1147 4324 ct
1171 4271 1235 4325 alios
1253 4271 1325 4336 item,

101 4361 145 4430 qul
162 4361 291 4416 Ecclesiae
310 4359 490 4414 moderandae
508 4361 658 4414 sulticcrant
676 4369 755 4414 etc...

168 4450 175 4503 Ι
195 4449 226 4504 5:
248 4449 340 4506 Altero
359 4451 451 4504 noto...
470 4449 576 4516 signum
596 4457 634 4504 est
652 4450 833 4516 promissionis
852 4450 957 4504 divinae
976 4463 1022 4504 seu
1051 4449 1199 4516 obsignatio
1219 4449 1323 4516 proedi-

98 4539 145 4595 att
164 4537 250 4603 vulti,
267 4551 338 4608 quoe
355 4539 384 4592 lit
401 4539 527 4607 portentis
545 4544 571 4592 ct
588 4539 622 4593 cd
642 4539 688 4592 Del
707 4539 818 4604 gloriam
836 4539 914 4594 oditis
932 4539 1065 4593 miraculis
1084 4539 1172 4608 (liano.
1192 4539 1247 4606 ult)
