3364 5092
427 392 433 404 ·
519 301 648 373 ruamus
668 325 874 374 coucaassus.
1267 311 1308 376 99

81 446 279 532 impartitur.
307 447 403 515 Porro
427 457 566 515 vestrum
590 455 717 530 statum,
733 468 890 536 pompam,
912 450 1089 537 dignitates
1103 452 1311 537 praelationes

80 553 217 620 sinimus
242 561 365 621 vestrae
388 555 577 641 respondere
600 555 761 623 Ecclesiae.

607 764 795 837 Eonbtatio.

169 979 254 1062 Quis
277 977 408 1045 hicnon
430 977 573 1063 protinus
595 979 751 1046 exclamet
766 979 798 1046 in
814 997 880 1058 voa,
896 979 1110 1050 cbamaleonte
1125 982 1238 1066 quovis
1256 987 1311 1048 aul
1330 996 1473 1096 pronun&

80 1085 201 1170 polypo
230 1083 463 1152 mutabiliores:
487 1084 556 1169 Quo
579 1093 700 1152 teneam
724 1085 805 1152 nodo
836 1091 1009 1153 mirantem
1035 1087 1144 1154 Protea
1166 1088 1310 1155 vultnml
1330 1061 1472 1209 ξῐοιὲὲῖὶξυέξ

79 1190 156 1256 Eam
187 1190 283 1258 modo
306 1207 469 1275 nunqnam
493 1209 555 1258 uon
579 1191 705 1258 errabat
735 1191 870 1258 Ecclesia
900 1200 1018 1271 nostra,
1049 1193 1311 1279 quemadmodum
1328 1210 1472 1307 cumeum·

80 1295 109 1360 iu
137 1297 347 1381 responsione
370 1295 408 1362 ad
433 1295 569 1381 primum
595 1296 764 1363 articulum
795 1297 961 1378 dicebatis3
992 1305 1024 1364 at
1047 1316 1132 1366 nnnc
1163 1305 1311 1385 tanquam
1333 1269 1355 1308 ⁰⁸
1368 1273 1470 1362 '1⁶2³'

80 1400 288 1469 immemores
311 1402 420 1482 vestri,
444 1403 593 1470 continuo
614 1403 734 1488 priscas
757 1404 1004 1485 constitutiones,
1028 1405 1122 1492 leges,
1145 1413 1313 1475 consuetu·

80 1505 183 1588 dines,
210 1509 407 1576 ceremonias
428 1510 469 1576 ab
492 1508 644 1577 Ecclesiae
667 1510 852 1595 proceribus
885 1511 1044 1579 institutas
1067 1513 1222 1599 longoque
1252 1531 1313 1581 usu

81 1612 270 1683 observatas
294 1633 355 1683 uon
381 1615 514 1683 laudatis
537 1615 639 1696 modo,
663 1634 773 1684 verum
797 1617 891 1684 etiam
913 1636 1011 1704 snpra
1035 1618 1161 1687 mudum
1190 1621 1313 1688 extolli-

84 1718 141 1798 tis;
168 1728 337 1789 tantuma
362 1722 581 1790 vobisabesse
610 1723 722 1803 dicitis,
753 1731 790 1790 ut
819 1741 872 1792 eas
895 1732 1089 1811 contemptas
1120 1726 1230 1794 velitis.
1255 1727 1314 1795 Ve-

84 1844 156 1892 rum
184 1829 209 1894 si
235 1845 361 1913 semper
386 1827 597 1896 balluciuetur
620 1829 651 1896 in
679 1829 826 1896 omuibus
856 1830 990 1898 Ecclesia
1021 1839 1139 1912 nostra,
1173 1849 1232 1899 cur
1263 1833 1314 1901 bic

83 1934 338 2014 constitutiones,
354 1935 448 2020 legas,
464 1935 706 2004 consuetudines
720 1941 752 2003 et
766 1936 959 2004 ceremonias
982 1936 1080 2023 ipsius
1103 1957 1225 2006 summa
1241 1957 1313 2006 cum

87 2037 180 2107 lande
205 2041 368 2126 recipitist
391 2042 497 2128 Neque
519 2042 602 2109 enim
628 2044 704 2110 haec
726 2043 765 2110 de
788 2050 894 2110 vestra
917 2044 1079 2112 commode
1102 2045 1229 2131 intelligi
1247 2064 1315 2131 pos

85 2154 161 2211 sunt
191 2147 336 2228 Ecclesia,
361 2155 427 2214 tum
452 2149 527 2234 quia
550 2167 610 2215 non
628 2149 727 2228 video,
744 2167 823 2235 quus
839 2149 952 2217 babeat
978 2151 1134 2235 primores
1150 2155 1172 2234 ¹,
1189 2152 1315 2238 qnando

85 2269 198 2320 omnes
220 2253 391 2340 utriusque
414 2271 512 2322 sexus
534 2254 727 2322 Cbristiauos
750 2255 872 2341 aequali
889 2263 1041 2341 potestate
1056 2257 1148 2324 saciat
1163 2259 1194 2325 in
1214 2258 1315 2325 omni-

87 2357 158 2438 bnS,
186 2367 252 2426 tum
276 2361 361 2445 qnod
386 2379 447 2427 nun
465 2360 564 2434 video.
581 2361 655 2447 quid
672 2361 742 2428 istic
765 2361 916 2429 diuturno
940 2381 1001 2430 usu
1023 2364 1224 2432 observatum
1247 2383 1315 2433 esse

91 2467 199 2549 possit,
222 2484 323 2552 nullm
348 2468 414 2553 ipsa
437 2466 568 2534 vixdum
600 2468 640 2535 sit
669 2468 866 2535 decemnalis.
891 2505 932 2518 -
960 2470 1132 2549 Praeterea,
1155 2471 1210 2556 qul
1242 2489 1315 2538 con-

88 2579 174 2639 stant
205 2573 265 2640 ista
295 2591 368 2640 cum
400 2573 542 2641 lactiunis
571 2582 694 2641 vestrae
728 2581 795 2641 tum
828 2574 916 2642 libris
951 2575 1052 2655 editis,
1085 2583 1151 2643 turn
1181 2577 1315 2662 publicis

90 2677 203 2746 lactis?
226 2679 334 2746 Nonne
358 2686 462 2747 vester
483 2679 705 2765 antesignanus
727 2679 786 2747 isle
809 2680 935 2765 scripsit
957 2680 1136 2767 aliquando,
1157 2683 1235 2750 nulli
1259 2684 1315 2751 bo
1338 2698 1370 2742 ⁰·
1384 2697 1474 2754 uruit·

92 2785 212 2852 minum
237 2787 288 2852 ius
311 2802 380 2852 esse
402 2786 498 2853 unius
521 2786 656 2871 syllabae
681 2787 711 2852 iu
736 2780 801 2873 (63)
822 2786 1034 2853 Christianum
1060 2788 1217 2855 homiuem
1241 2807 1315 2856 cun·
1340 2752 1468 2850 ‘'baffi''

91 2890 289 2959 stiluendael
321 2891 427 2959 Nonne
457 2892 517 2959 alio
545 2893 576 2958 in
601 2892 667 2958 loco
699 2893 823 2978 scripsit
847 2893 939 2972 idem,
964 2893 1060 2960 verba
1089 2895 1252 2962 bominum
1284 2903 1315 2963 et
1337 2911 1463 2956 contuo-

94 3014 185 3063 usum
210 2998 390 3065 seculorum
415 2999 508 3066 eliam
532 2998 698 3084 scripturis
714 3018 774 3066 non
797 2999 977 3085 pugnantia,
995 3001 1120 3066 tolerari
1147 3008 1267 3069 tantmn
1284 3011 1315 3070 et
1351 2965 1455 3072 ”flat-'²'

93 3104 188 3170 teneri
214 3121 316 3188 posse,
340 3111 373 3170 at
396 3105 600 3172 necessariam
618 3105 866 3172 observationem
891 3124 952 3172 non
977 3106 1150 3174 induceret
1173 3109 1236 3176 Cur
1264 3109 1315 3177 bic

94 3207 156 3294 lpse
179 3209 307 3276 decreta
333 3217 471 3296 patrum,
495 3211 633 3277 inaudita
647 3210 687 3277 ab
709 3211 786 3279 orbe
802 3213 926 3279 condito
943 3213 1128 3290 temeritate,
1147 3214 1316 3299 publicitus

93 3317 239 3384 exussit?
264 3316 329 3383 Cur
353 3317 384 3384 in
410 3317 550 3385 Ecclesiis
571 3324 626 3383 aut
642 3318 746 3403 potius
770 3318 994 3385 conventiculis
1010 3319 1123 3386 vestris
1148 3339 1315 3405 procerum

95 3419 380 3489 Ecclesiasticorum
404 3423 640 3490 constitutiones
663 3431 811 3509 unquam
837 3425 991 3492 lucinianae
1020 3426 1119 3509 palam
1144 3436 1175 3493 et
1198 3427 1316 3514 ubique

94 3528 251 3614 apopulo
275 3535 470 3614 contemptae
498 3529 619 3596 iacentt
650 3529 714 3596 Cur
744 3531 859 3597 veleris
892 3530 1044 3597 Ecclesiae
1075 3533 1316 3602 consuetudines

95 3635 206 3716 passim
229 3633 410 3720 antiquatae
433 3641 530 3702 suntt
552 3635 616 3701 Cur
633 3635 784 3703 Ecclesiae
808 3637 902 3720 prisci
927 3636 1008 3702 ritus
1030 3643 1062 3702 et
1085 3639 1278 3706 ceremoniae
1297 3659 1316 3708 a

95 3741 217 3826 templis
239 3747 417 3808 excussaet
440 3741 504 3808 Eur
527 3741 693 3826 abrogatae
716 3742 861 3808 divorum
897 3741 1015 3809 leriaet
1038 3743 1102 3810 Cur
1125 3744 1217 3810 ablati
1242 3763 1314 3812 cum

95 3845 236 3912 ciborum
261 3845 383 3914 delectu
416 3847 602 3913 ieiuniorum
634 3848 722 3915 diest
752 3848 816 3914 Cur
846 3848 985 3915 abiectae
1016 3867 1125 3934 preces
1149 3850 1316 3920 liorariaet

94 3951 154 4018 Cur
180 3952 366 4020 immutatus
390 3951 541 4020 Ecclesiae
564 3962 675 4021 cantus
690 3953 813 4039 aliaque
829 3953 858 4022 id
882 3973 982 4040 genus
1002 3955 1163 4040 plurima?
1186 3957 1317 4025 Hoccine

94 4065 139 4124 est
162 4057 292 4125 laudare
316 4075 352 4125 ac
374 4077 471 4143 supra
496 4059 622 4125 morium
647 4061 799 4127 extollere
824 4061 942 4145 priscas
959 4062 1051 4146 leges,
1076 4063 1317 4132 consuetudines

163 4323 172 4354 ¹
194 4323 277 4379 Eaclt.
298 4325 315 4376 t
338 4323 389 4378 lb:
408 4323 612 4381 cumulationes
631 4327 696 4378 aliae
708 4325 742 4378 ub
761 4326 940 4380 ecclesiasticis
955 4325 1133 4396 primoribus,
1154 4327 1253 4381 aliaeu
1277 4343 1318 4383 se·

96 4414 143 4466 culi
164 4409 362 4478 magistratibus
381 4415 595 4468 constituuntur...
615 4415 651 4468 lb.
670 4431 692 4468 c.
713 4417 746 4468 ta
765 4414 817 4468 Eb:
830 4416 976 4469 Obserrent
995 4423 1021 4469 et
1039 4417 1066 4470 id
1092 4417 1173 4470 nocui
1192 4417 1318 4486 episcopi,

96 4509 215 4566 pastores
232 4509 258 4554 et
276 4503 355 4555 celerl
377 4503 543 4558 ecclesiastici
560 4504 678 4558 muneris
692 4503 838 4574 primores.
