3390 5096
515 321 643 369 renrrus
666 320 873 371 conpressus.
1244 302 1309 371 233

80 443 128 508 uis
148 440 323 529 perfectus
346 463 423 524 esce,
447 445 542 524 vade,
566 445 666 512 camede
689 445 804 512 omnio
834 463 920 534 quoe
943 443 1042 512 dobes
1065 445 1162 512 etde
1184 464 1310 533 paope-

78 549 187 629 etone,
213 560 244 616 et
278 549 411 618 nobedis
445 547 640 618 thesaurum
677 551 712 618 in
739 551 836 632 coeit),
864 560 893 619 ct
927 553 1013 630 veni,
1043 571 1176 640 sequere
1209 549 1309 618 mc¹i

78 656 187 724 b'onne
211 665 245 724 et
268 657 387 743 primos
410 657 525 725 Christi
548 658 718 744 discipulos
741 659 772 724 in
797 667 904 726 tenera
929 659 1081 726 Ecclesiae
1104 657 1243 738 infantia,
1262 657 1310 724 di·
1332 673 1478 720 renna.

78 762 216 830 venditis
240 763 488 849 possessionibus
504 763 641 850 propriis
663 763 754 831 iuxta
777 764 968 832 dominicum
989 765 1048 831 boc
1064 764 1239 844 consilium,
1255 783 1310 831 ro-

78 867 221 936 luntaria
245 878 430 956 paupertate
453 870 484 937 in
520 871 680 938 communi
716 889 828 939 eorum
859 890 920 939 usu
948 871 1136 950 convixisse,
1160 871 1310 956 quemad-

78 974 211 1042 modum
236 976 297 1043 sub
318 977 452 1044 articulo
475 995 603 1064 qnoque
626 978 773 1063 proximo
797 976 997 1045 meminimus
1009 977 1033 1057 ²,
1049 979 1196 1045 ictorum
1213 977 1310 1044 bisto

77 1081 124 1148 ria
147 1089 312 1150 testatur?
343 1084 450 1151 Nonne
483 1083 628 1152 Christus
655 1084 791 1170 denique
814 1083 1021 1152 obedientiam
1054 1084 1310 1170 consuluitque

78 1188 156 1268 loco,
183 1199 390 1278 posteaquam
415 1191 453 1258 de
477 1209 535 1258 sua
557 1191 732 1259 obedientia
747 1191 880 1258 dixisset
895 1191 926 1257 in
943 1209 1038 1259 cruce
1054 1190 1309 1271 consummanda,

77 1295 268 1364 subiunxit:
293 1297 331 1364 Si
353 1296 428 1385 puis
451 1297 521 1364 vuit
552 1298 664 1364 venire
691 1306 765 1384 post
787 1317 849 1376 me,
879 1289 1014 1385 abneget
1035 1297 1257 1384 semetipsum,
1281 1305 1311 1364 et
1338 1311 1414 1359 mot.
1429 1310 1463 1366 ra,

79 1401 172 1468 tottut
197 1423 331 1471 erucem
354 1423 466 1484 snum,
490 1412 519 1471 et
540 1413 703 1493 sequatur
726 1424 785 1471 me.
810 1405 885 1471 Nam
909 1405 947 1471 ad
979 1405 1102 1490 plenam
1127 1405 1208 1471 ritae
1239 1421 1310 1490 per-
1333 1365 1420 1472 rue.¹⁸e'.
1434 1419 1469 1464 sa.

78 1507 249 1577 sectionem
274 1528 331 1578 nec
355 1519 402 1578 est
426 1512 511 1592 satis,
527 1511 697 1598 abnegasse
721 1519 850 1598 propter
875 1511 973 1579 baum
999 1511 1127 1596 propria
1150 1511 1231 1578 bona
1253 1529 1311 1578 ex·

80 1623 181 1696 terna,
208 1617 293 1703 quod
319 1617 353 1684 fit
385 1635 441 1702 per
473 1617 683 1685 voluntariam
715 1625 945 1704 paupertatem,
969 1636 1026 1686 nec
1048 1617 1220 1704 abnegasse
1242 1636 1311 1685 car-

81 1739 150 1788 nem
179 1725 355 1810 propriam,
379 1725 409 1791 id
433 1723 517 1810 quod
541 1742 598 1810 per
622 1725 843 1791 continentiam
868 1725 914 1805 iit,
937 1724 996 1791 nisi
1021 1723 1119 1810 (qnod
1136 1725 1167 1790 in
1185 1725 1311 1791 bomine

81 1846 246 1898 summum
272 1832 332 1912 est)
358 1831 486 1917 propria
508 1849 635 1918 quoque
659 1832 804 1898 voluntas
825 1831 1010 1917 abnegetur,
1035 1831 1064 1897 id
1088 1830 1173 1918 quod
1196 1831 1232 1897 fit
1254 1848 1312 1916 per

80 1933 292 2003 obedientiam
317 1937 454 2004 maxime
480 1937 582 2016 talem,
605 1938 730 2023 quatem
754 1936 793 2003 ad
816 1937 931 2004 Cbristi
954 1937 1157 2004 imitationem
1175 1936 1311 2022 reiigiosi

84 2042 288 2124 profitentur,
312 2043 457 2111 Christus
479 2044 563 2112 enim
587 2044 752 2130 ingruente
777 2045 835 2110 iam
861 2043 1003 2130 passione
1025 2043 1237 2122 acerbissima,
1257 2061 1312 2109 vo-

86 2147 239 2217 luntatem
264 2168 353 2218 snam
378 2151 682 2218 consummatissima
705 2150 881 2218 obedientia
904 2150 935 2216 in
964 2151 1064 2218 Deum
1088 2159 1209 2236 patrem
1233 2150 1311 2217 resi-

83 2271 193 2337 gnans,
219 2257 279 2324 boc
302 2266 393 2343 pacto
424 2265 472 2324 ter
503 2257 606 2343 ipsum
639 2257 776 2343 rogarit:
802 2258 904 2324 Pater
934 2257 993 2346 mi,
1016 2257 1048 2324 ci
1075 2256 1229 2344 possidete
1251 2265 1309 2336 est,
1334 2271 1459 2370 unguo-tt.

85 2367 236 2430 transeat
259 2383 281 2428 n
305 2383 356 2430 me
378 2365 467 2430 cotia
491 2365 569 2440 iste:
593 2373 819 2431 verumtamen
842 2383 909 2432 oon
932 2365 1019 2432 sicut
1051 2384 1109 2452 ego
1144 2363 1225 2442 volo,
1253 2363 1310 2431 sed
1412 2356 1418 2372 '

83 2467 171 2536 sicot
195 2479 242 2537 to.
267 2471 467 2558 Quapropter
490 2471 529 2538 ab
553 2472 697 2557 apostolo
728 2472 823 2538 Paulo
857 2471 989 2539 dicitnr:
1017 2471 1173 2538 Odediens
1196 2470 1310 2557 suctus
1333 2484 1425 2539 rute,
1439 2485 1460 2531 a.

86 2592 189 2662 ecque
212 2577 258 2644 od
283 2586 432 2656 orontem,
455 2587 593 2645 mortem
625 2585 735 2644 numm
770 2579 891 2645 crucis
927 2578 1004 2645 Cum
1040 2597 1116 2664 ergo
1139 2577 1200 2644 tria
1224 2577 1311 2658 baec,

85 2697 166 2764 ntiae
191 2684 326 2770 religiosi
352 2685 520 2771 utriusque
543 2703 641 2752 sextis
664 2691 788 2764 vorent,
812 2685 956 2752 Christus
973 2685 1038 2770 ipse
1055 2685 1207 2769 apostolis
1223 2680 1312 2767 (206)

86 2785 312 2876 discipulisque
335 2791 401 2858 suis
425 2810 485 2858 non
510 2791 661 2858 docuerat
682 2792 784 2858 solum
808 2800 904 2878 atque
927 2792 1116 2871 considerat,
1139 2791 1192 2859 sed
1217 2791 1311 2858 etiam

85 2893 286 2976 observarat3
311 2916 375 2983 qua
398 2898 500 2966 tronte
523 2915 588 2976 vos,
612 2897 722 2983 periidi
747 2896 934 2978 desertores,
950 2898 1055 2966 dicere
1071 2917 1133 2964 non
1154 2897 1314 2964 erubesci·

87 3000 133 3080 tis,
159 3005 330 3072 monastica
355 3013 426 3071 vota
455 3023 473 3072 e
504 3005 601 3072 sacris
637 3005 735 3072 literis
762 3023 824 3072 non
849 3005 965 3072 babere
988 3004 1166 3090 originemt
1194 3004 1311 3071 Verum

86 3106 231 3178 Cbristns
255 3112 330 3178 baec
354 3129 415 3178 non
441 3111 598 3197 praecepit
622 3129 695 3178 enm
719 3119 804 3178 certe
828 3111 859 3178 in
883 3110 1023 3190 modum,
1045 3129 1109 3196 qno
1139 3111 1215 3177 baec
1239 3109 1312 3178 reti-

86 3214 244 3298 giosorum
263 3235 323 3285 osu
338 3225 395 3285 aut
409 3227 495 3286 certe
519 3217 713 3285 institutione
736 3220 955 3296 observantur,
971 3227 1004 3284 at
1020 3218 1121 3285 sotum
1143 3217 1311 3296 consuluit,

86 3321 234 3392 nimirum
259 3333 294 3390 ut
319 3325 449 3391 honesta
472 3331 504 3392 et
528 3324 695 3410 possibilia.
719 3324 796 3409 Quis
818 3342 894 3410 ergo
917 3343 957 3392 ex
988 3323 1038 3391 bis
1062 3341 1122 3391 non
1158 3321 1312 3408 inteiligit,

87 3425 222 3514 legitima
245 3438 277 3498 et
299 3430 409 3498 idonea
432 3449 499 3498 esse
524 3439 595 3498 rota
618 3432 798 3511 monastica,
822 3438 932 3517 utpote
955 3431 1034 3498 iacta
1057 3431 1096 3498 de
1125 3448 1160 3497 re
1182 3429 1313 3497 honesta

87 3540 116 3599 et
132 3536 282 3622 possibili,
307 3537 391 3604 baud
415 3546 518 3605 tamen
543 3546 718 3624 praecepta.
744 3539 840 3605 Porro
872 3556 932 3605 non
959 3539 1034 3605 baec
1060 3535 1151 3604 modo
1173 3537 1312 3615 consita,

88 3644 314 3712 verumetiam
339 3653 505 3730 praecepta
528 3645 582 3712 Dei
607 3654 682 3712 sunt
703 3644 904 3730 impossibilia
929 3644 1055 3729 quidem
1078 3643 1194 3710 bomini
1220 3652 1312 3711 natu·

89 3765 138 3816 rae
161 3769 237 3818 suae
262 3751 380 3831 relicto,
404 3760 436 3819 at
460 3758 596 3838 utraque
619 3751 718 3819 eidem
735 3751 836 3837 gratia
859 3760 891 3818 et
913 3751 1065 3818 charitate
1088 3749 1195 3816 adiuto
1211 3753 1312 3835 (quae

155 3981 164 4012 ¹
186 3983 270 4039 Encb.
290 3986 333 4037 39.
352 3984 372 4037 Ν
392 3986 422 4038 5:
445 3983 555 4038 Proinde
573 3984 645 4052 qnod
666 3985 786 4036 nonnulla
806 3990 867 4037 cota
893 3998 924 4036 ex
953 3983 983 4037 iis
1011 3983 1176 4048 proveniant,
1200 3997 1270 4051 quae
1297 3997 1313 4036 a

87 4067 186 4127 cbristo
204 4074 410 4138 consuluntur‚...
430 4087 461 4126 er
480 4088 512 4124 eo
531 4079 631 4127 constat
648 4073 721 4140 quod
740 4073 767 4125 in
787 4074 914 4126 itattbaeo
935 4073 988 4140 (te,
1011 4073 1053 4140 ¹2)
1073 4073 1168 4126 dicitur
1187 4073 1220 4126 de
1239 4073 1313 4126 eusti-

90 4165 171 4226 επεν.
196 4170 223 4215 et
246 4163 341 4216 Paulam
366 4162 402 4230 (t.
427 4161 486 4217 Cor.
505 4163 531 4226 7,
551 4164 594 4215 25.
613 4163 673 4229 sn).
692 4189 727 4200 —
746 4161 783 4216 ib.
805 4162 840 4216 de
861 4163 1022 4230 paupertate
1042 4162 1130 4226 (itere.
1150 4163 1195 4230 6):
1220 4161 1313 4216 Adbuc

89 4261 166 4306 unrrm
195 4251 241 4305 tibi
269 4253 343 4306 deest
350 4272 357 4316 ;
376 4251 397 4306 si
427 4251 468 4305 vis
496 4253 625 4317 periectos
652 4265 719 4314 esse,
738 4252 816 4314 vnde,
834 4257 859 4304 et
878 4251 966 4304 vendo
983 4251 1073 4304 omnia
1090 4265 1160 4318 quae
1184 4251 1313 4316 possides.

89 4336 119 4390 ita
145 4341 180 4396 de
204 4339 352 4396 obedientie
370 4343 468 4408 (itattb.
490 4343 530 4406 to,
550 4339 604 4406 it).
626 4368 657 4378 -
679 4340 789 4393 Eosdem
808 4339 958 4406 scripturae
976 4341 1048 4394 iocos
1067 4340 1093 4392 iu
1111 4337 1227 4396 Monada
1244 4355 1267 4393 c.
1287 4342 1313 4394 t.

89 4429 158 4485 aren
176 4443 226 4497 pro
245 4431 323 4484 votis.

154 4517 271 4587 ¹Supra
292 4521 352 4574 229.
