3384 5082
528 303 657 351 cunutus
680 302 886 352 conquasses.
1255 285 1319 352 239

88 425 231 504 ficiatur,
247 425 343 511 idque
366 425 404 491 ad
427 425 584 493 libidinem
609 426 713 493 carnis
728 435 760 492 et
776 428 941 494 haereseos
956 427 1252 507 disseminationem,
1268 428 1323 514 qui
1416 462 1423 488 ι

90 531 249 600 hactenus
271 532 309 598 ad
336 533 458 600 laudem
486 533 538 599 [lei
563 541 594 600 et
612 533 751 600 veritatis
766 533 941 601 doctrinam
957 533 1175 619 compluribus
1190 535 1321 602 scilecit.

88 637 157 704 Sed
181 639 329 724 primum,
353 639 407 724 qui
437 639 586 706 constatis
609 639 771 706 vobiscum
802 649 887 706 nunc
919 639 1060 726 publicas
1090 641 1214 708 scholas
1245 641 1321 727 erigi

88 745 306 824 consulentes,
330 746 384 831 qni
411 753 532 813 veteres
563 746 742 813 Academias
764 764 873 813 omnes
896 746 968 813 alibi
1001 765 1059 814 ceu
1092 747 1248 832 lupinaria
1270 747 1323 814 da-

89 850 236 929 mnastis,
259 869 398 936 quorum
416 851 510 936 impio
527 859 640 918 conatu
665 852 856 932 factumest,
880 861 916 919 ut
931 852 1154 920 celeberrimae
1172 854 1324 921 hacteuus

87 956 274 1024 Academiae
298 975 430 1042 prorsus
453 957 483 1023 in
510 959 587 1026 orbe
609 958 817 1026 detlocuermt
839 959 1006 1046 omniaque
1029 959 1183 1028 bonarum
1207 959 1324 1027 artium

87 1063 200 1130 studia
222 1063 342 1149 ubique
365 1072 544 1150 contempta
567 1066 696 1144 iaceant,
724 1075 757 1132 ut
789 1066 873 1132 hand
897 1066 1003 1145 sciam,
1026 1084 1065 1132 an
1099 1067 1163 1133 ulla
1193 1066 1234 1133 sit
1264 1067 1324 1132 alia

87 1169 221 1253 grauior
244 1169 440 1236 Christianae
463 1171 655 1255 reipublicae
678 1172 800 1238 iactura
816 1172 898 1240 inter
921 1172 997 1240 alias
1019 1173 1211 1240 calamitates
1234 1173 1325 1240 iunu-

89 1294 209 1355 meras,
234 1277 352 1362 quibus
376 1278 542 1344 Ecclesiam
561 1278 613 1345 Dei
640 1288 744 1346 vestra
769 1280 909 1346 haeresis
927 1280 1040 1346 allecit.
1065 1279 1182 1346 Deinde
1199 1298 1260 1346 non
1276 1289 1327 1346 est

88 1383 246 1462 cuiusuis
270 1383 414 1469 publicas
436 1385 559 1470 erigere
579 1385 713 1465 soboles,
738 1386 767 1452 id
791 1387 873 1452 enim
890 1387 1005 1453 summi
1029 1387 1185 1454 Pontificio
1208 1393 1239 1454 et
1266 1387 1324 1452 lm-

88 1489 250 1573 peratoris
272 1491 460 1558 auctoritate
483 1491 550 1558 lieri
575 1491 667 1558 debet
684 1494 706 1557 ¹.
732 1493 873 1578 Denique
901 1511 962 1559 uon
986 1493 1079 1560 etiam
1104 1493 1244 1560 citiusvis
1266 1499 1323 1571 est,

89 1597 123 1660 iu
150 1596 287 1680 publicis
315 1597 486 1665 tendentis
515 1599 628 1666 dooere
660 1599 823 1684 quidlibet,
847 1599 1111 1685 quemadmodum
1148 1599 1178 1666 in
1210 1599 1324 1668 vestris

88 1705 322 1772 conventiculis
345 1705 486 1772 iactitare
510 1705 626 1784 soteris,
650 1705 704 1772 sed
727 1707 796 1773 eius
816 1713 873 1784 est,
891 1706 1031 1791 proliteri
1055 1716 1155 1774 artem
1179 1725 1268 1774 suam
1292 1715 1324 1774 et

89 1813 176 1879 iutra
199 1829 270 1879 eam
287 1829 321 1880 se
344 1812 515 1896 continere,
538 1813 592 1898 qui
612 1812 789 1898 principum
807 1814 822 1844 *
846 1813 1002 1880 facultatis
1017 1814 1191 1899 cuiuspiam
1215 1823 1323 1880 aucto

90 1919 186 1986 ritate
203 1925 275 2004 post
290 1917 430 1986 diutinos
446 1919 569 1986 labores
584 1921 762 1987 exantlatos
778 1920 808 1985 in
826 1937 862 1987 ea
880 1919 1016 2006 legitime
1040 1920 1192 2006 probatus
1215 1920 1321 1987 luerit.

89 2029 193 2112 htque
220 2043 289 2092 mea
305 2025 431 2111 quidem
448 2026 593 2111 opinione
609 2034 713 2093 vestra
737 2027 795 2093 ista
811 2026 939 2093 docendi
957 2027 1082 2113 quidvis
1106 2027 1239 2106 licentia,
1260 2045 1323 2112 qua

89 2131 256 2198 biennales
279 2132 329 2198 isti
354 2133 403 2199 rel
428 2133 597 2200 triennales
613 2133 824 2218 magisterculi
841 2133 966 2218 quidvis
988 2133 1116 2200 docendi
1142 2133 1322 2200 cathedram

91 2238 259 2316 invadunt,
285 2239 381 2305 buius
404 2240 502 2306 nostri
527 2239 622 2306 seculi
648 2239 837 2325 tragoediam
856 2258 916 2305 non
941 2240 1068 2306 minima
1092 2259 1132 2306 ex
1159 2249 1245 2325 parte
1271 2257 1322 2324 pe

93 2345 187 2430 perit.
213 2341 305 2425 (212)
329 2345 427 2412 Diuus
450 2353 555 2412 autem
580 2346 789 2431 llieronymus
804 2346 842 2412 ad
860 2347 1019 2413 Rusticum
1038 2348 1225 2414 monachum
1250 2346 1323 2413 scri·

92 2451 171 2518 bens
204 2449 363 2536 praecepit
394 2451 578 2518 salubriter:
610 2453 707 2518 hlulto
732 2459 871 2538 tempore
893 2453 988 2531 disce,
1012 2471 1093 2538 qnae
1122 2453 1321 2539 postmodum

90 2557 217 2626 doceas.
233 2561 270 2624 tt
294 2559 352 2624 bac
377 2566 559 2644 tempestate
582 2577 690 2626 omues
707 2560 845 2644 magistri
864 2577 931 2626 esse
955 2559 1112 2638 volumus,
1136 2560 1322 2646 priusquam

91 2665 174 2732 bene
194 2663 340 2748 discipuli
364 2681 432 2731 esse
448 2665 654 2750 coeperimus.
672 2665 800 2743 Verum,
817 2684 881 2751 quo
898 2666 992 2732 istum
1009 2666 1159 2732 avaritiae
1177 2665 1322 2733 morbum

89 2771 261 2850 abderetis,
289 2771 461 2849 consulitis,
487 2772 675 2838 inonasteria
700 2773 746 2838 ιιι
772 2773 886 2858 inpias
909 2772 1042 2850 scholas,
1068 2773 1113 2840 vel
1140 2773 1170 2838 iu
1194 2789 1323 2840 uosoco

90 2879 166 2954 mia,
191 2879 239 2945 vel
265 2879 296 2944 iu
320 2877 397 2944 alios
420 2895 498 2946 usus
522 2879 588 2963 pios
614 2879 772 2958 vertenda,
796 2879 945 2945 nimirum
963 2888 1067 2946 vestro
1092 2879 1214 2964 negotio
1238 2879 1323 2946 lavo

90 2985 225 3052 rabilem
255 2985 471 3070 languentium
495 2993 527 3052 et
550 3004 726 3071 pauperum
751 3004 876 3053 causam
901 2987 1097 3052 asciscentes.
1122 2986 1179 3052 Sed
1207 2986 1245 3052 ad
1270 3005 1321 3054 ve-

90 3099 193 3159 terem
219 3091 310 3158 istam
336 3091 428 3158 iudae
452 3091 621 3178 proditoris
636 3094 808 3178 querelam,
834 3093 992 3159 videlicet:
1022 3092 1061 3158 Ut
1084 3093 1165 3180 quid
1177 3093 1321 3178 perditio
1348 3105 1472 3204 lugubre.

90 3195 199 3264 haec?
219 3197 330 3284 potuit
353 3199 438 3264 enim
463 3199 555 3264 estred
578 3209 781 3285 congruentem
807 3200 1009 3266 cucurutium
1038 3218 1162 3286 mogun
1190 3208 1218 3264 et
1241 3200 1323 3266 clari
1396 3192 1402 3206 ’
1432 3194 1438 3204 ’

88 3303 315 3390 paoperibus,
340 3305 416 3372 satis
438 3323 597 3392 superque
627 3307 845 3392 respondimus
869 3307 929 3374 sub
952 3306 1086 3373 articulo
1110 3309 1139 3370 7.
1171 3306 1209 3373 de
1232 3307 1321 3373 cultu

90 3420 287 3490 sauctorum,
313 3411 519 3498 reliquiarum
536 3421 567 3478 et
584 3413 753 3498 imaginum
771 3415 793 3478 ².
812 3412 886 3479 Noe
909 3413 996 3478 euim
1012 3409 1071 3478 boc
1087 3413 1213 3480 (licebat
1230 3417 1321 3494 (teste
1344 3427 1374 3472 to·
1390 3427 1424 3482 tt.
1438 3427 1459 3473 ⁶·

90 3519 185 3584 beato
210 3517 346 3600 ledunc),
370 3519 459 3606 quod
482 3537 586 3584 ebroe
608 3527 681 3585 erut
703 3519 754 3586 r'lb'
775 3521 814 3585 de
833 3518 1054 3606 puaperibus,
1070 3519 1127 3585 sed
1150 3520 1238 3608 quod
1259 3517 1322 3606 sut·

88 3634 166 3690 eret
188 3631 217 3690 et
242 3623 364 3691 lucidos
385 3624 526 3711 gerebat.
552 3625 609 3692 Sed
634 3626 727 3692 sineru
753 3626 888 3692 hominis
911 3627 1033 3692 audito:
1060 3626 1246 3711 Suspensus
1262 3626 1322 3710 (in-
1340 3642 1389 3686 ue.
1404 3641 1424 3694 t,
1440 3641 1472 3686 ta.

89 3730 162 3818 quit
186 3732 358 3817 scriptura)
375 3733 502 3818 crepuit
525 3733 666 3812 medica,
683 3743 711 3799 et
735 3731 841 3821 effu-su
864 3741 941 3798 suut
965 3733 1078 3799 ourm‘u
1096 3733 1224 3800 uiscera
1240 3733 1320 3799 eius.

157 3846 167 3866 '
185 3845 335 3905 principium.

166 4053 175 4084 ¹
196 4053 281 4108 Ertcb.
300 4067 322 4106 c
343 4055 385 4106 39.
405 4055 435 4106 Ν.
453 4053 504 4106 ib:
519 4054 631 4108 Proinde
651 4055 832 4107 universitates
848 4053 1024 4123 publicaeque
1048 4053 1155 4108 scholae
1173 4055 1229 4108 sine
1254 4055 1322 4120 prin·

90 4143 160 4208 cipis
178 4143 340 4198 ouotoritole
358 4142 427 4212 eripi
445 4157 497 4196 non
522 4151 641 4209 possunt.
661 4144 769 4196 Nomine
788 4151 876 4196 erilem
902 4144 1028 4208 principis
1047 4143 1173 4212 rondes
1197 4157 1322 4197 auntruus

92 4241 120 4284 et
140 4230 289 4301 irnperulor
308 4233 466 4298 intelligitur.
485 4260 520 4272 -
539 4237 598 4287 Ass.
619 4235 684 4285 aba:
704 4234 730 4286 Si
751 4233 883 4298 principes
902 4233 1084 4284 universitates
1097 4235 1254 4299 scholasque
1272 4233 1323 4285 eri·

91 4333 158 4388 gere
175 4321 276 4385 volunt,
296 4321 323 4374 td
343 4322 457 4388 legitime
485 4322 578 4374 iaciant
602 4329 706 4388 oportet
729 4321 883 4375 auctoritate
903 4321 936 4374 de
956 4322 1069 4386 propriis
1087 4321 1143 4374 suis
1161 4319 1321 4388 redditibus;

90 4409 190 4477 alioqui
210 4424 263 4463 nou
282 4411 386 4464 scholae
404 4419 481 4464 erunt
501 4412 617 4464 [idolium
631 4412 766 4474 dicendae,
780 4411 827 4464 sed
841 4411 947 4476 criptica
961 4411 1153 4464 haereticorum
1168 4410 1322 4478 prostibulo,

90 4513 163 4568 quae
182 4513 292 4566 prorsus
310 4501 472 4555 devastanda
493 4507 562 4554 sunt.
894 4497 904 4526 ³
924 4502 1010 4565 Supra
1034 4501 1091 4552 139.
