3384 5082
526 329 655 378 rorarios
677 329 883 380 conconssns.
1252 313 1316 379 949

85 471 199 520 ornnes
223 453 371 521 haeretici
397 460 603 540 veterumque
628 455 793 521 haeresum
810 462 882 522 ante
898 453 1175 522 conuenoataron
1199 463 1319 523 restau-

87 569 215 628 ratores
238 559 426 646 (cuiusmodi
453 579 506 626 ros
529 578 608 638 esse,
632 561 686 647 qui
712 561 849 628 nondum
873 561 1041 629 extribus
1065 562 1150 629 hisce
1172 579 1320 648 congres-

84 667 179 732 sibus
204 667 359 752 intelligit‚
383 685 455 734 enni
485 685 647 753 nunquam
683 668 916 735 intellecturum
949 667 1073 754 opinor)
1097 668 1167 736 iure
1201 669 1319 754 scripto

85 773 147 838 iarn
177 783 246 839 tum
271 773 533 840 excommunicati
558 781 643 852 sunt,
669 781 734 840 tum
773 791 847 840 vero
883 774 912 840 in
946 775 1124 842 universam
1153 773 1318 842 factionem

86 887 228 945 vestram
252 879 492 964 augustissimae
516 880 740 947 recordationis
765 879 905 947 Pontifex
930 881 1089 948 maximus
1113 883 1172 948 Leo
1189 882 1248 948 hoc
1264 901 1319 948 no-
1390 882 1402 908 ⁸

85 986 173 1053 mine
198 985 342 1053 decimos
365 987 698 1054 excommunicationis
721 987 905 1054 sententiam
930 987 1107 1054 fulminavit
1129 996 1224 1074 atque
1247 1007 1320 1073 pro-

86 1092 250 1160 nuntiavit
264 1097 284 1157 ¹.
311 1093 393 1160 lianc
416 1101 521 1160 antem
545 1093 901 1162 excommunicationem
927 1095 1029 1180 primo
1053 1095 1145 1162 talem
1162 1111 1230 1162 esse
1247 1113 1321 1162 con·

86 1207 161 1278 stat,
186 1199 291 1284 qualis
315 1200 397 1266 inter
420 1199 613 1268 Cluistianos
639 1201 667 1266 in
693 1208 779 1267 recto
804 1217 862 1267 osu
885 1218 1009 1284 semper·
1033 1209 1081 1267 est
1106 1201 1220 1268 hahita.
1244 1203 1319 1269 Nam

86 1307 132 1371 uti
158 1307 223 1374 suli
246 1305 380 1373 articulo
404 1307 531 1392 primo²
554 1307 638 1392 apud
674 1308 808 1374 maiores
839 1315 963 1374 nostros
991 1316 1087 1392 atque
1119 1326 1184 1388 nos,
1209 1320 1318 1375 eorum

86 1430 301 1491 successores,
325 1411 519 1480 ostendimus
543 1431 648 1480 rernm
667 1413 719 1480 liei
738 1414 870 1479 viventis
893 1414 1059 1481 Ecclesiam
1076 1415 1173 1482 luisse
1188 1433 1224 1482 ac
1241 1433 1319 1495 esse,

88 1519 131 1582 ita
155 1537 287 1604 quoque
313 1537 416 1586 veram
441 1519 809 1598 excommunicationem,
833 1527 985 1606 quaeest
1009 1521 1144 1606 privatio
1172 1521 1321 1588 Ecclesia-

87 1626 186 1692 slirae
211 1626 440 1693 communionis
463 1634 494 1693 et
517 1635 609 1692 extra
635 1626 799 1693 Ecclesiam
823 1627 944 1706 eiectio,
967 1627 1049 1713 apud
1075 1627 1199 1695 eosdem
1224 1628 1321 1695 luisse

86 1750 121 1797 ac
147 1750 219 1798 esse
241 1741 375 1818 oportet.

183 1839 327 1906 Secundo
350 1858 422 1906 eum
446 1858 574 1925 quoqne
598 1840 724 1907 carolum
749 1858 817 1906 esse
840 1847 1012 1919 servatum,
1028 1859 1122 1926 quem
1141 1858 1248 1908 sacrae
1266 1860 1321 1908 no-

90 1945 138 2010 lis
164 1946 274 2012 literae
291 1946 511 2030 praescribunt
526 1947 563 2012 acl
581 1946 765 2013 sententiam
794 1947 1127 2013 excommunicationis
1148 1947 1320 2026 serendam,

88 2051 161 2118 inde
200 2053 307 2137 liquet.
339 2051 413 2118 Nam
452 2060 521 2137 post
551 2053 679 2120 crebras
709 2052 935 2119 admonitiones
966 2061 1170 2139 contemptae
1202 2053 1319 2120 nedum

87 2157 169 2226 ulnas
196 2160 243 2225 rel
271 2167 334 2226 tres
357 2158 395 2225 acl
419 2159 533 2227 Christi
558 2167 590 2226 et
613 2160 696 2226 Pauli
723 2160 963 2245 praescriptum,
982 2160 1042 2225 lata
1058 2166 1105 2226 est
1129 2161 1159 2226 in
1186 2179 1240 2227 vos
1263 2178 1321 2226 ex-

89 2266 384 2333 communicationis
407 2267 569 2333 sententia.
594 2267 659 2332 Non
684 2267 766 2332 enim
792 2267 893 2337 solum
917 2266 1022 2332 aiure
1038 2266 1156 2351 scripto
1170 2267 1319 2334 admoniti

89 2373 208 2450 luistiS,
233 2383 343 2438 rernm
368 2374 461 2439 eliam
493 2392 511 2438 a
543 2371 614 2440 sede
642 2373 780 2439 Romana
810 2379 841 2438 et
870 2373 1034 2458 permultis
1065 2371 1247 2441 doctoribus
1270 2391 1321 2440 ca-

90 2480 229 2546 lliolicis.

182 2586 289 2654 Tertio
312 2586 356 2654 eis
379 2587 417 2654 cle
449 2587 552 2653 causis
583 2605 710 2672 quoque
745 2587 929 2654 sententiam
954 2584 1044 2670 (223)
1067 2588 1322 2654 excommnnica-

90 2693 186 2760 tionis
212 2695 241 2760 in
270 2712 323 2760 ros
346 2713 414 2761 esse
439 2695 542 2771 latam,
568 2711 624 2778 pro
648 2694 765 2779 quibus
788 2712 855 2763 eam
890 2693 1024 2779 legitime
1048 2694 1122 2760 lerri
1148 2695 1250 2761 solere
1273 2713 1321 2762 sa·

90 2818 164 2867 crae
189 2801 280 2868 nobis
312 2801 419 2868 literae
451 2799 680 2886 praescribunt,
707 2801 778 2868 liinc
814 2802 953 2886 patescit.
990 2801 1064 2866 Nam
1096 2800 1241 2868 Christus
1264 2820 1322 2868 ex·

91 2907 343 2974 communicandi
377 2916 559 2992 potestatem
594 2907 745 2974 Ecclesiae
781 2908 916 2984 tradens,
940 2925 1004 2992 quo
1031 2907 1158 2975 iocoue
1182 2908 1321 2975 fraterna

90 3015 291 3100 correptione
315 3015 466 3099 loquitur,
491 3023 561 3100 post
584 3023 648 3081 tres
675 3014 901 3080 admonitiones
930 3014 1057 3080 demum
1092 3014 1133 3080 on
1169 3015 1321 3082 Ecclesiae

90 3129 307 3206 contemptum
331 3121 515 3188 sententiam
533 3120 867 3188 excommunicationis
883 3120 1042 3188 ferendam
1060 3121 1228 3206 praecipit:
1248 3121 1319 3200 Die,
1346 3131 1423 3229 ¹¹¹¹&
1438 3131 1471 3184 1⁸.

92 3227 207 3314 inquil,
234 3227 403 3294 Ecclesiae.
429 3227 467 3294 Si
489 3237 601 3294 antem
626 3227 803 3293 Ecclesiam
829 3247 895 3292 raon
918 3227 1076 3304 oculicrc'l,
1100 3228 1143 3293 sil
1160 3227 1220 3293 citt
1233 3228 1320 3293 sieut
1422 3216 1427 3230 ’

94 3333 256 3400 Etlrnr'cos
278 3345 307 3400 et
327 3333 539 3420 pellicanus.
564 3336 599 3400 at
633 3334 687 3420 qui
724 3351 863 3420 unquam
890 3334 1036 3400 haeretici
1076 3333 1240 3401 Ecclesiam
1267 3334 1319 3401 Dei

93 3442 213 3508 maiore
237 3442 442 3520 contumacia,
468 3442 646 3520 rebellione,
670 3441 860 3507 eoritumelia
876 3450 906 3506 et
923 3441 1038 3508 iniuria
1054 3449 1321 3526 contempserunt,

92 3540 188 3633 quam
214 3548 274 3614 ista
297 3549 472 3616 coniuratio
497 3557 623 3615 restra?
647 3549 780 3634 lpostoli
807 3565 881 3614 vero
905 3548 962 3614 liac
987 3554 1138 3633 potestate
1161 3548 1322 3615 adoniino

92 3655 149 3721 sibi
176 3655 290 3721 tradita
315 3663 448 3734 utentes,
475 3657 503 3722 in
531 3656 703 3722 linereticos
728 3655 864 3721 maxime
895 3655 1079 3721 sententiam
1105 3655 1322 3722 excommnni-

93 3762 225 3828 cationis
257 3762 365 3829 tulisse
402 3762 559 3848 leguntur.
595 3762 710 3827 Paulos
740 3761 822 3828 euim
854 3760 892 3826 acl
924 3761 1124 3828 Timotheum
1161 3761 1320 3827 scribens:
1350 3824 1465 3869 Hm

95 3866 266 3948 ,l'orrnulle
291 3869 403 3954 inquit,
427 3869 520 3936 circo
542 3867 640 3954 fidere
663 3865 890 3954 naosropinm
921 3865 1083 3954 fecerunt,
1107 3887 1252 3956 picorum
1283 3869 1323 3932 (le
1364 3855 1475 3922 ‘lain’

165 4176 173 4207 ¹
196 4175 280 4229 Brulla:
296 4197 309 4224 α
322 4177 449 4246 Excerpe
462 4175 597 4230 Domine»
620 4176 676 4242 (25.
695 4179 748 4229 lun.
773 4175 847 4241 l520)
867 4175 979 4228 reiectae
998 4181 1058 4227 sont
1080 4172 1106 4226 ll
1131 4174 1323 4239 propositiones

94 4267 199 4320 Lollieri
218 4274 244 4320 et
263 4267 497 4319 excommunicatio
517 4266 542 4318 in
562 4281 622 4318 eom
644 4265 818 4331 pronuntiata,
837 4265 885 4317 nisi
909 4265 973 4316 intro
994 4265 1027 4318 60
1056 4263 1113 4316 dies
1137 4277 1239 4316 errores
1261 4277 1323 4316 suos

93 4363 253 4410 revocasset.
272 4357 318 4409 Die
336 4363 424 4409 etitem
445 4357 469 4408 3,
490 4357 541 4408 lon.
565 4357 626 4407 itt-al
650 4355 884 4408 excommunicatio
897 4354 1031 4406 delinitire
1049 4353 1073 4406 in
1094 4354 1236 4406 lutherum
1255 4353 1324 4406 eins-

93 4463 145 4516 que
164 4447 278 4499 asseclas
297 4453 322 4498 et
341 4451 502 4511 protectores
521 4445 655 4498 tulminata
676 4445 731 4498 luit.

165 4535 176 4569 ³
197 4539 281 4601 Supra
302 4537 335 4588 89
354 4549 395 4602 sq.
