3364 5092
371 201 432 269 130
682 220 877 270 centonario
900 221 1132 268 Lurnnnnutsul
1155 221 1272 268 DthCl.

212 360 291 406 rutm-
306 360 424 430 caper
448 353 579 412 naturae
603 345 708 411 lumen
734 345 785 426 (de
808 364 872 430 quo
895 353 927 411 et
949 345 1056 430 regius
1079 345 1248 430 propheta:
1275 344 1450 430 Sipuntem
1477 353 1542 423 est,
1563 345 1611 411 in·
1658 339 1659 416 l

243 467 273 512 10.
288 467 309 520 t.
323 467 344 511 ⁹.
367 453 447 537 quit,
470 471 571 537 snper·
594 471 655 518 nos
678 452 787 518 tannen
810 451 923 518 orchus
946 451 1008 530 tui,
1031 453 1182 529 delirium·
1205 460 1236 518 et
1264 451 1407 518 sublimis
1432 451 1610 537 Evangeli-

367 566 432 626 sta:
459 561 553 636 Erat,
577 559 690 644 inquit,
714 559 846 625 verhum
872 558 925 625 llei
950 557 1009 624 tua
1034 577 1125 637 veru,
1150 578 1235 646 quoe
1266 557 1434 624 adrian-inat
1464 578 1608 624 narrarem

368 662 530 731 horatium
555 666 730 730 uenientem
755 665 790 729 in
814 663 901 730 hunc
922 665 1110 744 trinutum),
1136 671 1243 749 utpote
1266 647 1421 731 duntaxat
1442 665 1609 732 ohscura-

368 781 445 851 tnm,
469 791 530 839 non
554 778 658 838 autem
684 789 815 856 prorsus
838 772 1025 850 extinctum,
1051 771 1147 856 possit
1170 771 1200 836 in
1225 770 1349 856 qualem
1374 771 1502 856 qualem
1531 773 1606 838 reri

199 895 260 940 nom.
275 895 295 948 r,
310 893 343 938 rs.
368 879 421 945 Dei
439 879 589 945 crealoris
612 877 660 944 sui
686 877 824 943 notitiam
842 885 874 944 et
890 877 1069 962 religionem
1086 896 1261 963 assurgere.
1278 875 1367 961 Quod
1388 881 1470 944 enirn
1488 877 1530 943 ad
1549 896 1609 944 co-

98 967 104 978 ’
367 986 535 1071 gnitionem
559 985 679 1062 attinet,
705 983 818 1050 Paulus
839 987 878 1050 de
910 984 1103 1069 philosophis
1133 985 1273 1070 gerulum
1302 991 1487 1050 attestatur:
1514 985 1605 1062 Hoc,

368 1092 523 1178 inquiens,
547 1091 636 1178 quod
657 1091 697 1158 de
723 1093 785 1156 Deo
817 1091 970 1177 cupreoser'
996 1099 1110 1176 potest,
1143 1088 1357 1176 irtunifestnnr
1380 1099 1426 1157 est
1450 1092 1483 1156 in
1520 1091 1604 1157 illas.

198 1213 296 1268 noma,
311 1214 344 1260 u.
368 1198 456 1284 Quod
482 1216 556 1265 lero
580 1197 616 1264 ad
653 1197 773 1265 cultum
800 1198 852 1264 [lei
879 1198 1024 1282 pertinet,
1057 1197 1137 1264 idern
1161 1205 1295 1264 testatur
1318 1197 1357 1264 de
1380 1199 1529 1284 gentihus
1556 1200 1605 1264 lo

368 1324 486 1392 quens:
515 1305 631 1372 Gentes
654 1305 740 1370 euim
763 1324 848 1392 quine
871 1304 971 1390 tepent
995 1302 1212 1382 conlaudent,
1244 1312 1373 1370 nutrnu
1399 1325 1485 1393 qaue
1517 1305 1606 1391 lepis

368 1423 447 1479 sarrit
470 1410 603 1498 fuciunt
626 1420 685 1478 etc.
710 1412 796 1490 Vide,
820 1411 1082 1497 quemadmodum
1108 1412 1138 1477 in
1163 1411 1245 1477 dctis
1268 1411 1384 1478 relerat
1406 1413 1519 1479 heatus
1537 1414 1605 1478 Lu-

198 1533 247 1580 ae.
262 1536 295 1588 n,
310 1535 345 1580 u.
368 1539 438 1585 eas:
463 1519 599 1596 Athenis,
623 1519 829 1585 celeberrimo
852 1518 987 1604 quodam
1013 1519 1042 1584 iu
1067 1526 1132 1584 toto
1159 1526 1318 1586 terrarum
1342 1518 1419 1585 orhe
1443 1519 1605 1586 secularis

370 1625 584 1711 philosophiae
607 1624 773 1702 domicilio,
797 1643 852 1690 ara
876 1625 985 1710 ipnolo
1004 1625 1067 1690 lico
1090 1625 1242 1709 inscripta
1265 1624 1335 1703 luit,
1358 1643 1453 1710 quem
1480 1625 1604 1692 Paulus

369 1733 443 1799 illuc
469 1733 595 1798 rerriens
619 1731 664 1798 eis
686 1731 893 1798 annuntiavit.
919 1730 1050 1798 Proinde
1074 1732 1155 1797 sicut
1171 1731 1266 1797 homo
1281 1739 1395 1798 natura
1418 1731 1519 1798 Qun]
1547 1752 1604 1798 co-

368 1857 528 1924 gnoscere,
553 1838 596 1904 ita
619 1856 746 1924 quoqne
770 1837 871 1924 ipsum
889 1838 991 1906 colere
1007 1837 1237 1923 quadamtenus
1254 1846 1365 1923 potest,
1381 1838 1435 1905 sed
1459 1857 1522 1904 non
1542 1857 1605 1924 per

368 1946 484 2022 omnia,
509 1944 554 2011 uti
580 1945 791 2010 necessarium
809 1954 856 2010 ost
872 1952 903 2010 et
920 1945 1075 2011 hnmanae
1091 1944 1201 2011 salutis
1217 1945 1296 2010 ratio
1314 1945 1459 2029 postulat.
1477 1946 1602 2030 Quam-

368 2051 488 2130 ohrern,
512 2051 568 2118 etsi
593 2051 690 2117 solius
713 2049 833 2116 arhitrii
859 2051 955 2117 nostri
982 2051 1098 2117 virtute
1115 2049 1359 2136 haudquaquam
1376 2049 1502 2118 efficere
1524 2071 1602 2136 pos

369 2175 480 2224 sumus
502 2166 648 2224 aeternae
673 2157 754 2224 ritae
779 2157 888 2224 merita
912 2175 968 2224 seu
991 2175 1087 2242 opera
1110 2157 1234 2223 coelesti
1259 2158 1397 2242 praemio
1420 2156 1525 2242 digua,
1551 2167 1601 2224 ta-

370 2283 439 2330 men
465 2265 567 2331 lacere
591 2281 759 2349 possumus
779 2282 875 2349 opera
899 2281 957 2330 sun
972 2263 1107 2349 quodam
1133 2261 1224 2329 modo
1240 2263 1331 2342 hona,
1355 2281 1436 2349 quae
1459 2264 1599 2331 Theolo-

369 2389 481 2456 gnrum
506 2389 638 2437 coronae
654 2389 749 2455 opera
767 2371 926 2438 moraliter
943 2370 1033 2449 hona,
1051 2370 1081 2436 id
1098 2379 1155 2450 est,
1179 2371 1277 2438 honos
1293 2389 1407 2448 mores
1422 2371 1461 2438 de
1477 2372 1602 2457 quihus

368 2478 508 2562 gentium
535 2477 709 2562 philosophi
736 2477 900 2562 scripsere,
924 2477 1116 2562 appellitant,
1140 2495 1222 2563 quae
1245 2495 1306 2544 non
1332 2477 1422 2544 modo
1447 2497 1508 2544 non
1535 2479 1601 2546 sint

370 2591 505 2668 peccata,
529 2583 582 2649 sed
606 2601 663 2650 nec
695 2583 816 2648 inutilia
847 2601 903 2650 nec
929 2583 991 2649 lieo
1022 2584 1153 2668 ingrata,
1178 2584 1254 2668 quin
1280 2585 1375 2652 immo
1408 2584 1490 2663 talia,
1514 2603 1601 2670 quae

369 2709 429 2756 nori
456 2691 556 2755 solum
581 2695 761 2756 mereantur
777 2697 832 2756 ant
855 2689 1022 2774 posthanc
1046 2691 1141 2755 vitam
1160 2708 1275 2774 poenae
1300 2689 1524 2775 mitigationem
1542 2699 1601 2758 aut

370 2795 541 2881 temporale
565 2795 691 2881 aliquod
714 2796 888 2881 praemium
906 2796 935 2862 in
961 2796 1024 2862 vita
1041 2797 1207 2881 praesenti,
1232 2795 1450 2862 verumetiam
1475 2815 1560 2883 quae
1582 2815 1601 2862 a

368 2901 432 2968 lieo
458 2902 665 2986 respiciantur
699 2911 846 2988 tanquam
871 2901 1066 2986 disponentia
1097 2911 1128 2968 et
1160 2903 1376 2988 praeparantia
1400 2902 1437 2968 ad
1462 2905 1599 2988 gratiam

214 3028 262 3071 au.
277 3026 311 3080 ro,
327 3025 347 3070 r.
368 3017 463 3094 atque
487 3009 617 3094 gloriam
637 3011 659 3088 ¹,
685 3009 858 3100 cuiusmodi
891 3007 987 3076 luisse
1018 3008 1165 3076 leruntur
1189 3009 1356 3088 orationes
1379 3009 1600 3094 eleemosynae

369 3115 453 3182 illius
476 3115 608 3181 Cornelii
633 3115 831 3182 Centurinnis
854 3115 957 3182 adhuc
983 3115 1100 3182 Ethnici
1119 3117 1142 3194 ²,
1174 3114 1436 3200 quemadmodum
1461 3116 1522 3185 suh
1547 3136 1600 3184 ar-

369 3222 464 3288 ticulo
488 3230 602 3308 quarto
626 3223 766 3289 nonnihil
791 3222 952 3308 attigimus
968 3221 991 3299 ³,
1016 3230 1047 3288 et
1072 3241 1146 3288 mox
1171 3223 1286 3288 iterum
1304 3239 1416 3308 parum
1440 3221 1479 3288 de
1503 3241 1541 3290 ea
1565 3242 1600 3290 re

369 3329 545 3414 loquemur.
570 3365 612 3377 —
639 3329 733 3395 l’nrru
757 3329 840 3414 quod
864 3329 916 3396 hic
932 3329 1088 3414 opponitis
1106 3331 1203 3395 rnalae
1219 3328 1342 3396 achoris
1365 3347 1426 3395 uon
1451 3347 1520 3396 esse
1537 3330 1598 3397 nisi

371 3436 467 3502 malos
491 3432 557 3520 (95)
583 3435 714 3514 tructus,
740 3454 849 3502 verum
875 3453 942 3502 csse
965 3435 1037 3520 quis
1060 3441 1175 3521 negat?
1198 3435 1256 3501 Sed
1272 3434 1348 3521 quid
1373 3441 1439 3502 tum
1463 3444 1600 3521 postea?

369 3560 429 3607 nnn
454 3541 535 3607 enim
563 3542 643 3607 mala
658 3541 753 3608 arhor
770 3542 955 3626 intelligitur
973 3543 1053 3608 nrala
1070 3542 1205 3622 huminis
1220 3550 1351 3620 natura;
1377 3541 1495 3608 nullius
1512 3547 1599 3610 eninr

369 3657 532 3714 creaturae
557 3649 646 3714 iuxta
661 3649 870 3715 orthodoxam
888 3649 1039 3715 Ecclesiae
1055 3649 1147 3715 fidem
1166 3657 1278 3716 natura
1294 3654 1342 3715 est
1357 3648 1447 3726 rnala,
1465 3647 1494 3714 id
1512 3651 1599 3736 quod

370 3756 568 3822 llanichaeus
591 3755 742 3834 assernit;
767 3756 820 3823 sed
845 3757 925 3822 mala
943 3756 1086 3822 voluntas
1106 3757 1171 3822 sire
1196 3755 1402 3841 propositum,
1425 3754 1509 3822 unde
1534 3775 1599 3824 lton

440 3969 448 4000 ¹
473 3991 485 4018 a
500 3973 568 4024 llaec
586 3971 722 4037 dispositio
741 3978 766 4021 et
785 3971 949 4035 praeparatio
968 3971 1002 4022 ad
1023 3971 1133 4034 gratiam
1159 3978 1185 4023 et
1204 3970 1313 4035 gloriam
1340 3983 1354 4021 a
1374 3971 1428 4023 Deo
1447 3978 1568 4035 respecta
1584 3991 1595 4018 2

369 4061 435 4114 iuxta
456 4061 663 4114 communiorem
684 4061 864 4124 theologorum
878 4060 1031 4112 sententiam
1046 4075 1097 4112 non
1116 4066 1156 4112 est
1168 4060 1218 4112 nisi
1233 4059 1364 4128 nepetino,
1381 4073 1449 4127 qnae
1462 4073 1498 4112 se.
1513 4074 1600 4114 remo·

370 4159 412 4203 rot
431 4150 572 4204 obstacula.
594 4151 715 4215 Exemplo
735 4162 798 4201 uero
817 4147 926 4200 Cornelii
941 4147 1104 4202 Centurionis
1123 4163 1176 4202 non
1191 4147 1316 4214 probatur
1327 4147 1441 4217 position
1455 4163 1600 4214 praepara-

370 4241 413 4300 tio,
433 4239 493 4306 quia
513 4253 564 4292 non
585 4245 693 4300 constat,
712 4239 768 4289 eius
786 4237 917 4290 orationes
935 4246 960 4288 et
979 4239 1161 4302 eleemosynas
1173 4238 1231 4292 sine
1246 4239 1293 4290 ulla
1308 4238 1390 4302 gratia
1411 4238 1490 4290 luisse
1506 4239 1598 4292 lactas.

440 4326 507 4382 ²Cl.
527 4335 579 4380 not.
599 4327 810 4391 praecedentem.

439 4417 449 4447 ³
470 4420 554 4482 Supra
576 4417 634 4466 tal.
