3390 5096
524 319 653 370 aaarrus
676 321 880 371 concnessus.
1253 306 1317 372 229

79 445 172 531 quod
191 445 224 512 in
241 445 425 532 depingendi
441 445 580 532 Episcopi
594 445 730 514 lormula
741 446 840 526 docet,
853 446 956 532 ipsum
971 453 1118 533 oportere
1134 448 1318 534 hospitalem
1342 463 1362 506 ¹-
1377 463 1432 508 rta-
1446 461 1468 507 ³·

77 558 179 620 esse?
206 555 243 618 u
264 571 329 638 quo
352 559 442 638 pacto
466 552 706 638 hospitalitatem
731 571 882 621 exercere
905 554 1029 640 poterit,
1046 555 1103 622 nisi
1130 572 1238 622 rerum
1263 555 1318 622 ha·
1341 570 1382 614 ru.
1398 569 1418 614 ¹.

81 658 158 726 beat
184 659 497 740 administrationem,
521 659 604 726 unde
628 659 838 746 indigentibus
861 660 1029 728 tribuat¹t
1046 661 1185 748 lienique
1200 662 1231 729 in
1254 663 1318 748 pri-

81 767 201 833 mitiva
226 767 360 834 Ecclesia
383 765 475 852 primi
492 765 636 852 discipuli
652 784 761 834 omnes
783 768 992 852 possessiones
1015 785 1196 836 communes
1224 769 1319 836 hahe-

81 872 172 939 hant
201 874 365 962 Quotquot
387 873 487 952 euim,
512 873 614 959 inquit
637 875 746 953 Lucas
766 893 970 960 possessores
993 893 1157 961 uqroruru
1181 883 1241 942 out
1261 875 1318 942 do-
1342 888 1427 987 mai·
1441 890 1476 934 ³⁸.

80 998 225 1046 mortam
242 990 351 1058 eraut,
367 979 537 1046 uendentes
560 977 741 1068 offmehuut
755 981 865 1067 prauo
887 999 1014 1060 emtam,
1031 999 1116 1069 quoe
1138 980 1318 1049 vendebant
1418 973 1424 986 '

80 1095 111 1152 ct
132 1085 306 1172 ponebant
337 1095 415 1154 aute
444 1087 542 1174 pedes
575 1085 817 1173 Apostolorum.
856 1086 1073 1154 diuidebatur
1103 1096 1213 1154 uuum
1248 1088 1318 1154 siu-

80 1193 191 1278 qutu's,
205 1201 310 1280 prout
325 1193 444 1281 cuique
467 1212 550 1280 opus
565 1201 648 1260 erut.
672 1193 761 1279 Quod
786 1193 907 1261 risendi
931 1211 1031 1280 genus
1055 1194 1194 1262 llonachi
1218 1194 1315 1262 nostri

82 1301 264 1366 etiamnum
289 1299 431 1367 referunt
453 1309 485 1366 et
501 1299 675 1367 imitantur.
696 1300 822 1367 Flebant
846 1319 972 1387 quoque
995 1301 1025 1366 in
1052 1301 1186 1368 Ecclesia
1209 1301 1317 1386 primi-

86 1407 151 1473 tiva
169 1408 329 1485 collectae,
345 1424 482 1492 quarum
511 1407 626 1474 Paulus
653 1406 785 1474 subinde
809 1407 959 1487 meminit,
983 1407 1012 1474 id
1036 1415 1094 1487 est,
1119 1427 1176 1493 pro
1199 1407 1317 1476 alendis
1353 1422 1415 1468 son
1430 1424 1464 1468 tt

84 1513 246 1581 Ecclesiae
269 1513 421 1580 ministris
451 1513 721 1598 eleemosynarum
745 1515 983 1594 collectiones
976 1533 1006 1580 rn
1031 1533 1167 1600 quarum
1204 1515 1316 1594 locum,
1338 1474 1471 1628 ²2.⁰c⁰‹›'53¹s⁶.'

85 1620 141 1686 ubi
166 1619 351 1697 delicerent,
377 1637 556 1688 successere
580 1619 728 1688 beneficia
752 1639 833 1707 quae
858 1628 978 1701 vocant,
1002 1621 1119 1707 quibus
1143 1621 1316 1707 presbyteri
1367 1637 1451 1682 ons

83 1727 251 1794 seculares
273 1726 413 1792 aluntur

181 1836 218 1900 ,lt
241 1833 386 1902 Christus
409 1833 584 1919 (inquietis)
609 1851 729 1920 pauper
752 1835 834 1901 nasci
859 1843 891 1902 et
914 1851 1068 1920 pauperes
1084 1835 1140 1902 sibi
1159 1834 1318 1902 ministros
1340 1849 1445 1896 ouen.

85 1940 207 2026 eligere
232 1941 339 2008 voluit.
365 1942 401 2007 lt
424 1940 516 2007 iidem
540 1947 632 2026 (teste
667 1941 823 2026 apostolo)
859 1959 918 2008 non
954 1941 1043 2008 luere
1066 1942 1231 2028 sapientes,
1255 1960 1317 2009 non
1340 1957 1459 2057 nuqqq

86 2047 212 2113 nobiles
235 2045 407 2114 secundum
431 2064 628 2114 carnem-
584 2047 723 2114 -Num
748 2065 823 2132 ergo
847 2047 929 2114 mala
951 2046 1112 2132 sapientia,
1136 2065 1211 2115 num
1236 2049 1319 2116 mala

88 2152 261 2219 nobilitas?
284 2152 333 2218 Sic
355 2169 431 2238 ergo
454 2170 556 2239 neque
579 2171 654 2238 opes
678 2171 734 2238 per
757 2171 790 2220 se
815 2153 913 2220 malae
937 2161 1021 2231 sunt,
1038 2171 1149 2222 verum
1174 2153 1319 2222 Christus

89 2259 255 2342 ¹lpostolos
279 2259 395 2326 habere
419 2259 518 2326 voluit
542 2277 643 2345 neque
666 2260 821 2344 sapientes
843 2277 946 2345 neque
968 2259 1080 2328 divites
1104 2277 1206 2348 neque
1229 2259 1319 2328 nobi-

91 2363 135 2431 les
161 2367 254 2432 iuxta
279 2366 433 2444 seculum,
458 2384 497 2433 ne
519 2365 661 2432 doctrina
683 2367 752 2433 eius
776 2367 914 2432 humana
938 2367 1160 2454 potiusquam
1193 2367 1317 2436 coelesti

91 2473 231 2555 potentia
255 2473 483 2541 incrementum
507 2473 679 2558 sumpsisse
703 2472 873 2541 rideretur.
898 2475 1017 2560 ulloqui
1035 2492 1189 2560 pauperes
1204 2476 1317 2560 spiritu
1342 2491 1454 2536 uacus.

91 2577 158 2644 solo
183 2597 244 2646 nou
269 2578 526 2658 commendasset,
550 2580 603 2666 qui
628 2588 659 2647 et
686 2580 828 2648 ditissimi
860 2598 955 2666 opum
979 2599 1047 2648 esse
1071 2588 1218 2666 possunt;
1243 2581 1318 2650 alio

90 2687 144 2768 qui
171 2703 234 2751 non
258 2685 405 2753 iussisset
422 2692 529 2772 postea
552 2687 636 2754 lerre
659 2688 830 2766 sacculum,
852 2705 959 2772 peram
975 2694 1008 2754 et
1022 2687 1177 2774 gladiunr;
1201 2688 1317 2774 alioqui
1341 2705 1394 2750 uu.
1408 2703 1442 2750 n.

94 2795 211 2858 tantam
236 2791 495 2860 uecessitudinem
519 2799 614 2878 atque
649 2793 907 2860 consuetudinem
938 2811 1009 2860 cum
1045 2794 1160 2860 tanaro
1186 2793 1318 2880 aliisque
1341 2812 1405 2858 ros.

93 2897 253 2966 nonnullis
275 2898 425 2966 divitibus
448 2915 510 2965 non
536 2899 712 2977 babuisset;
736 2900 851 2985 alioqui
875 2899 1011 2985 denique
1035 2907 1080 2966 tot
1104 2899 1265 2968 Pontifices
1287 2910 1319 2968 et

94 3020 185 3088 reges
207 3013 331 3072 muetos
354 3023 415 3072 uon
440 3002 532 3090 (202)
557 3006 755 3084 haberemus
779 3005 833 3091 qui
869 3023 927 3090 pro
963 3005 1115 3073 Ecclesiae
1141 3005 1265 3074 iuribus
1288 3012 1319 3074 et

95 3106 184 3177 bonis
208 3112 255 3178 vel
280 3111 380 3198 ipsam
417 3112 509 3178 vitam
547 3113 755 3197 posuerunt'.
787 3110 864 3197 Quis
898 3131 974 3198 ergo
1004 3131 1065 3178 non
1099 3111 1181 3179 videt
1204 3130 1245 3178 eu
1270 3112 1319 3180 his

93 3217 252 3296 omnibus,
276 3217 472 3286 fundationes
496 3218 707 3303 quarumlibet
732 3236 826 3304 opum
853 3219 1137 3287 Ecclesiasticarum
1160 3219 1226 3286 sire
1254 3237 1319 3304 pos·

95 3325 269 3392 sessionum
292 3327 357 3394 sire
381 3334 592 3410 proventuum
617 3342 678 3392 non
710 3342 778 3392 esse
808 3325 989 3412 compilatas
1013 3326 1169 3411 hypocrisi
1194 3334 1225 3392 et
1247 3344 1320 3392 aua·

96 3430 166 3498 ritia
189 3431 388 3502 sacerdotum
413 3439 444 3500 et
469 3431 706 3510 monachorum,
722 3431 985 3518 quemadmodum
1002 3450 1057 3499 ros
1077 3431 1320 3512 calumniamini,

97 3543 162 3604 tum
186 3537 270 3624 quod
296 3556 408 3626 magna
429 3557 469 3606 ex
495 3545 583 3624 parte
607 3556 664 3623 per
689 3538 917 3606 Ecclesiasticus
940 3557 1066 3626 quoque
1091 3539 1174 3606 viros
1195 3539 1320 3606 institu-

98 3649 143 3710 tae
167 3651 252 3724 suut,
276 3652 343 3713 turn
368 3645 451 3732 quod
476 3645 566 3712 multi
591 3649 742 3731 (quorum
768 3644 869 3714 virtus
892 3665 910 3712 a
933 3646 997 3713 Deo
1026 3645 1185 3714 miraculis
1211 3653 1321 3712 testata

97 3755 155 3834 est)
180 3751 361 3831 sanctiores
386 3770 480 3839 quam
505 3760 540 3819 ut
566 3752 765 3838 hypocriseos
789 3753 836 3820 rel
860 3753 1009 3820 avaritiae
1034 3753 1171 3839 suspicio
1185 3753 1224 3820 de
1245 3753 1321 3840 ipsis

97 3875 163 3927 esse
188 3860 481 3945 possusumus
507 3864 553 3928 usi
589 3861 736 3940 luerunt;
767 3879 877 3928 rerum
911 3879 930 3926 a
960 3860 1107 3946 piissimis
1141 3860 1320 3928 hominibus

168 4071 178 4106 ¹
198 4073 234 4130 lb.
253 4077 275 4130 lll
296 4075 332 4130 db
353 4079 426 4130 aneu
445 4077 469 4130 t.
489 4075 549 4130 Cor.
568 4077 593 4142 9,
611 4077 681 4129 tlt.
699 4084 726 4128 et
745 4075 767 4128 tl
787 4077 803 4127 6
821 4073 923 4130 scribit:
944 4075 1019 4128 Adde
1037 4083 1063 4129 et
1081 4075 1120 4139 iis,
1133 4075 1206 4143 quod
1226 4075 1321 4130 Paulus

99 4165 225 4230 praecipit
243 4164 383 4235 Episcopo,
406 4172 434 4218 ut
452 4165 485 4218 sit
503 4163 644 4235 hospitalis
663 4165 699 4234 (Ι.
720 4165 788 4217 Tim.
808 4165 859 4229 ti:
878 4164 906 4218 id
924 4165 945 4217 si
966 4171 1096 4230 praestare
1115 4177 1147 4218 ac
1164 4165 1257 4232 exequi
1276 4164 1320 4216 de·

100 4247 149 4318 bet,
168 4255 338 4322 consequitur
358 4256 515 4318 necessario,
533 4268 595 4308 eum
614 4267 710 4308 rerum
728 4267 806 4320 posse
824 4251 922 4308 tubere
938 4251 1209 4318 udmiuuuortouem,
1229 4259 1257 4306 ut
1276 4252 1321 4308 tri·

101 4335 162 4396 tuor
179 4339 367 4414 irrdiqeatibua.

167 4429 178 4464 ¹
198 4433 226 4485 E.
245 4445 272 4497 g.
291 4439 410 4486 sunctum
431 4429 576 4497 Ccuutum,
596 4430 700 4486 Duarum
726 4445 829 4500 reqeru,
850 4445 897 4497 pro
917 4431 1043 4484 Ecclesiae
1071 4429 1174 4486 lurthus
1192 4438 1218 4484 et
1245 4429 1322 4486 bouis

102 4519 202 4574 tuendis
220 4521 337 4575 occisum
356 4519 468 4574 Olliniae
488 4521 530 4574 lt).
548 4521 603 4575 lulli
625 4521 702 4574 ress.
