3364 5092
504 306 633 355 rannus
655 305 861 356 cunanassus.
1231 289 1293 357 133

63 448 151 514 agere
175 437 329 511 conetur,
353 447 476 516 semper
499 438 661 516 peccatum
686 431 748 499 sill
772 435 808 498 llt
822 432 967 500 dominus
983 432 1067 500 Deus
1089 433 1127 500 ad
1150 433 1224 500 Cain
1247 433 1294 500 ira

62 537 271 617 concitatum,
295 538 357 604 iam
382 545 451 623 post
468 545 628 623 peccatum
647 541 658 578 ²
681 538 741 604 ait:
768 537 885 606 subter
901 547 928 604 te
943 539 1007 606 ait
1028 539 1294 626 appetitoribus,
1316 553 1370 599 een.
1386 555 1406 608 ι.
1421 556 1442 600 ⁷.

60 653 86 707 et
109 653 145 708 tu
169 643 408 711 dominaberis
435 643 535 710 illias.
559 648 602 711 nn
634 662 696 712 non
727 643 912 712 brevissime
943 645 1035 713 iuxta
1063 653 1095 712 et
1124 646 1294 714 clarissime

59 749 215 817 docemur
241 751 331 818 hisee
355 750 470 829 verbis,
494 751 628 818 liberum
653 751 787 818 bominis
809 751 977 819 arbitrium
994 760 1062 837 post
1086 758 1246 837 peceatum
1264 759 1296 820 et

59 867 128 924 ante
152 859 296 944 gratiam
321 876 382 924 non
407 875 475 925 esse
499 875 565 925 rem
588 858 627 926 de
650 859 716 927 solo
740 859 1017 945 (quemadmodum
1043 877 1096 926 vos
1118 858 1222 926 dicere
1245 877 1295 927 so

60 963 140 1043 letis)
166 965 293 1032 titulot
316 965 381 1032 Cur
405 965 495 1032 toties
519 964 624 1032 divina
647 967 771 1052 eloquia
793 975 973 1052 peccatores
987 966 1025 1034 ad
1050 965 1293 1052 resipiscentiam

59 1080 87 1136 et
110 1072 360 1140 conversionem
385 1072 534 1150 excitant,
567 1071 591 1139 si
624 1072 702 1138 nibil
733 1073 805 1139 boni
838 1071 978 1140 iaciendo
1000 1091 1072 1140 cum
1096 1072 1160 1139 Deo
1190 1073 1294 1140 redire

60 1179 185 1246 valeant
212 1179 246 1245 in
272 1178 429 1264 gratiam?
451 1178 515 1246 Cur
538 1178 683 1246 dominns
706 1179 749 1246 ait
772 1197 829 1264 per
855 1179 991 1246 Esaiam:
1018 1180 1126 1248 Redite
1149 1199 1293 1266 praeua-
1315 1201 1363 1244 an.
1378 1197 1446 1252 tua

60 1286 230 1352 tinctores
253 1285 301 1352 nd
323 1285 406 1352 eor?
426 1285 490 1353 Cur
513 1305 570 1372 per
587 1286 777 1354 Ezechielem
793 1287 854 1353 all:
873 1287 1110 1354 Canamtnnini
1130 1288 1176 1354 ad
1201 1306 1249 1354 me
1264 1295 1295 1355 et
1319 1305 1396 1350 nal.
1410 1305 1443 1357 n,

60 1392 147 1477 cpite
167 1393 409 1479 poenitentium
434 1391 476 1458 ab
500 1392 653 1460 omnibns
677 1392 896 1478 inquitatibus
926 1395 1054 1472 vestris,
1085 1402 1113 1460 el
1135 1413 1201 1460 nan
1231 1395 1293 1462 erit
1364 1359 1390 1403 ³⁰

62 1497 150 1565 nubis
175 1502 217 1567 in
241 1501 384 1567 ruinam
407 1499 589 1588 iniqnitas?
611 1499 674 1567 Cur
697 1499 741 1566 ait
763 1518 819 1586 per
844 1499 971 1567 loelem:
990 1500 1227 1568 Convertinrini
1248 1501 1293 1568 aa
1315 1518 1366 1563 nan
1379 1519 1400 1572 r,
1415 1518 1449 1564 n.

62 1625 108 1670 tire
133 1607 170 1672 in
197 1615 265 1674 toto
281 1606 378 1673 corde
393 1606 524 1672 vestro?
542 1607 606 1673 Cur
622 1625 679 1691 per
696 1607 838 1674 loannem
855 1607 1033 1692 Baptistarn,
1055 1625 1291 1692 praecursorem

62 1729 154 1780 snum
181 1715 247 1782 ait:
275 1713 516 1780 Paenitentiam
539 1714 637 1800 apite,
669 1714 705 1779 in
731 1715 921 1802 propinquo
951 1721 998 1780 eat
1020 1733 1160 1800 repnarn
1192 1715 1292 1782 eaelo·
1315 1732 1389 1777 usal.
1403 1733 1424 1786 a,
1437 1731 1460 1776 r.

64 1819 166 1886 rum?
191 1821 259 1887 Cnr
282 1819 418 1906 deniqne
448 1820 492 1886 ait
523 1819 589 1906 ipse
619 1819 657 1887 ad
681 1838 806 1887 amnes:
831 1821 943 1896 Petite,
967 1829 997 1886 et
1019 1820 1156 1887 dabitur
1178 1821 1292 1888 vobis?
1314 1839 1389 1884 naun.
1403 1839 1424 1892 r,
1438 1839 1460 1884 r.

64 1923 220 2006 Breviter,
243 1943 356 1993 ornnes
379 1925 557 1992 divinorum
580 1926 776 2012 eloquiorum
802 1925 872 1992 libri
897 1927 1012 1994 talibus
1034 1937 1233 2012 peccatorum
1250 1928 1293 1994 in·

66 2032 283 2101 ritatinnenlis
314 2031 421 2100 relerti
460 2041 543 2100 sunt.
575 2033 632 2100 Sed
665 2035 723 2100 lrac
754 2034 856 2119 ipsum
888 2052 950 2100 non
981 2033 1086 2101 rninus
1118 2035 1293 2102 lrrculenter

67 2136 270 2225 Evangelicae
292 2139 404 2206 docent
427 2139 593 2224 parabolae
616 2139 697 2218 illae,
720 2139 837 2225 quibus
859 2141 1004 2225 exempla
1027 2149 1224 2226 peecatorum
1243 2157 1293 2208 re-

67 2243 281 2328 sipiscentium
309 2246 398 2314 nobis
422 2252 651 2332 proponuntur.
683 2247 789 2313 Nonne
813 2246 896 2313 iilius
926 2245 978 2314 ille
1010 2247 1159 2332 prodigus
1182 2247 1292 2314 huius·
1310 2267 1355 2312 nn
1376 2265 1459 2320 rau.

67 2351 145 2418 modi
172 2339 401 2439 supplicatione
424 2352 464 2419 ad
486 2360 607 2438 patrem
632 2371 725 2420 suurn
754 2353 833 2419 iacta
863 2352 1052 2420 describitur
1079 2371 1151 2421 curn
1175 2371 1212 2421 eu
1244 2371 1292 2421 re

67 2455 159 2526 diissc
183 2461 216 2526 in
241 2459 394 2545 gratiam:
430 2459 541 2537 Pater,
572 2456 641 2542 (98)
665 2460 801 2546 peccaui
829 2460 864 2526 in
892 2459 1015 2526 caelant
1047 2469 1075 2527 a
1106 2480 1221 2527 coram
1252 2468 1291 2540 te,

70 2581 167 2652 tiarae
190 2563 329 2653 poeticae
353 2585 429 2632 aunt
445 2566 568 2652 dianna
583 2567 701 2632 uocari
713 2565 806 2650 filias
822 2566 923 2632 taus?
946 2567 1053 2634 Nonne
1077 2574 1221 2652 peccator
1241 2567 1293 2634 ille

70 2671 256 2752 publicanus
278 2675 327 2740 sui
351 2673 552 2758 percussione
575 2682 605 2742 et
629 2674 720 2740 simili
753 2675 929 2760 precatione
959 2675 998 2740 ad
1030 2674 1128 2741 Deum
1152 2674 1222 2742 lusa
1245 2675 1292 2742 iu·
1310 2693 1363 2738 ule.
1378 2695 1411 2748 a,
1426 2694 1459 2740 n.

71 2777 222 2848 stificatus
246 2781 277 2846 in
300 2779 429 2847 domum
455 2798 544 2847 suam
568 2781 763 2848 descendisse
786 2781 917 2866 legitur:
939 2782 1024 2847 Deras
1046 2782 1213 2868 propitiae
1228 2789 1293 2848 eata

71 2881 152 2952 inibi
171 2886 342 2972 peccatori
349 2885 366 2952 i
381 2887 468 2971 Quis,
491 2886 632 2966 obsecro,
649 2896 828 2973 peccatores
843 2887 1021 2954 huiusmodi
1046 2887 1198 2954 lornrulas
1220 2905 1293 2974 poe

73 2988 217 3060 nitentina
240 2991 378 3078 agendae
404 2992 493 3060 nobis
516 2993 547 3059 in
571 2994 752 3078 exemplum
785 2995 994 3079 praescriptas
1017 2993 1166 3060 imitando
1196 2995 1294 3080 tnagis

73 3113 198 3178 peccare
221 3099 416 3167 crediderit?
439 3100 648 3185 Quamobrem
675 3101 750 3168 baec
774 3101 936 3180 sententia,
964 3119 1045 3187 quae
1077 3101 1235 3186 praedicat
1259 3102 1293 3168 li-

74 3199 180 3272 berum
205 3205 375 3274 arbitrium
400 3206 460 3274 sub
483 3215 619 3293 peccato,
642 3207 717 3274 durn
741 3207 813 3274 lacit
836 3207 919 3294 quod
945 3208 975 3273 in
1004 3225 1037 3274 se
1060 3215 1107 3274 est
1128 3209 1294 3292 optimum,

75 3325 199 3390 peecare
233 3313 416 3392 mortaliter,
450 3331 511 3380 non
543 3313 643 3380 solnm
680 3321 715 3381 ut
739 3313 894 3380 haeretica
924 3320 973 3380 est
994 3313 1150 3399 inplenda,
1183 3333 1292 3382 rerum

74 3415 161 3486 etiam
185 3437 244 3488 cen
268 3419 473 3506 desperationi
498 3421 610 3507 quovis
633 3420 750 3488 scelere
772 3439 808 3488 ac
831 3421 948 3507 llagitio
969 3421 1104 3506 graviori
1126 3420 1292 3490 fenestram

75 3527 214 3604 aperiens
237 3527 385 3595 omnibus
407 3528 507 3595 modis
529 3527 716 3596 execranda.

157 3631 300 3706 Smunda
323 3653 398 3702 vero
413 3632 451 3705 de
465 3632 563 3704 libero
578 3631 714 3703 arbitrio
728 3635 897 3720 disputatio
912 3643 959 3702 est
974 3637 1013 3703 de
1028 3636 1095 3722 ipso
1111 3632 1167 3705 rub
1183 3633 1294 3724 gralia
1331 3653 1444 3718 num

77 3733 135 3810 itm
156 3741 190 3813 el
212 3741 283 3832 pon
305 3741 476 3832 mnrium.
501 3743 533 3810 ln
558 3744 617 3810 boc
640 3752 744 3810 autern
776 3747 858 3810 statu
884 3743 1034 3829 Pelagiani
1066 3743 1138 3810 olirn
1169 3760 1294 3810 ornnem
1311 3709 1463 3817 ''Qu-⁹1⁸²

78 3849 173 3916 meriti
198 3847 421 3928 substantiam,
445 3849 506 3915 vim
538 3856 570 3917 et
599 3848 721 3936 pondus
752 3846 840 3915 liberi
874 3856 995 3916 tanturn
1027 3849 1148 3917 arbitrii
1174 3849 1294 3916 viribus

78 3949 214 4024 terebant
244 3963 406 4041 acceptum
438 3957 469 4022 in
499 3955 558 4042 plis
588 3955 738 4042 operibus
769 3956 894 4034 nostris,
918 3957 1036 4041 gratiae
1067 3975 1141 4024 vero
1172 3955 1293 4023 divinae

78 4062 221 4131 maiorem
247 4061 463 4130 tantummodo
487 4064 762 4150 promptitudinem
788 4070 819 4129 et
842 4063 1045 4130 alacritatem.
1073 4063 1187 4130 Contra
1218 4079 1294 4128 vero

79 4219 336 4236 b-

143 4331 152 4364 ²
173 4331 257 4388 lincb.
277 4333 296 4386 Ν
317 4333 347 4386 2:
370 4333 430 4386 Post
449 4333 551 4398 lapsum
571 4332 604 4384 ad
623 4329 786 4386 concitatum
804 4330 866 4386 Cain
892 4331 1000 4385 dicitnr:
1026 4333 1112 4398 Quare
1136 4331 1217 4383 iratus
1239 4343 1294 4384 es...

81 4417 148 4484 <lien
169 4423 193 4490 i,
212 4423 267 4490 ll...
287 4423 340 4476 lam
360 4421 381 4475 si
400 4420 491 4475 subter
509 4435 557 4474 nos
577 4421 740 4488 appetitio...‚
759 4436 811 4476 non
830 4422 910 4488 igitur
934 4421 1086 4474 necessitate
1111 4419 1243 4486 adigimur
1261 4421 1295 4474 ad

82 4513 179 4580 malum,
199 4527 251 4566 non
271 4513 424 4566 necessitate
443 4511 587 4566 adveniunt
604 4511 701 4564 omnia.
