3364 5092
359 217 421 284 124
670 236 867 287 comburente
890 237 1124 288 Lurflsnalttsllt
1147 238 1264 287 DANlCl.

355 366 435 440 tans,
466 360 569 446 ipsum
599 359 803 429 dimidiavit*
827 381 982 443 asserem,
1005 363 1140 431 liberum
1163 362 1331 431 arbitrium
1360 371 1392 432 et
1414 371 1490 432 aute
1515 383 1610 450 gra·

355 467 429 534 tiam
454 467 515 535 sub
538 475 665 553 peccato
681 487 742 537 non
759 487 849 555 posse
873 469 931 538 nisi
955 488 1086 556 peccare
1103 477 1235 549 tantum,
1252 471 1346 538 etiam
1368 471 1445 538 dum
1466 471 1610 538 taceret

355 571 424 656 (88)
447 577 600 662 optimum
623 576 709 663 quod
733 577 764 642 in
793 595 827 644 se
849 576 941 656 locet,
964 584 1088 663 etpost
1119 586 1282 664 peccatum
1307 577 1369 645 sub
1390 579 1493 664 gratia
1519 586 1611 644 tan·

355 688 423 749 tum
446 683 576 762 moveri,
600 684 672 752 duci
696 690 727 751 et
743 685 818 770 pati,
841 703 935 771 agere
957 701 1033 751 vero
1048 684 1181 770 gratiam
1206 685 1259 751 [lei
1284 691 1386 752 toturn
1405 693 1438 752 et
1455 685 1608 752 omnino

355 788 425 868 boc,
449 790 599 878 quicquid
623 791 664 859 sit
688 792 771 872 boni,
795 791 880 878 quod
904 799 972 859 tum
995 791 1031 858 m
1051 790 1197 858 innubis.
1217 791 1332 859 Deinde
1354 792 1607 878 periculosissi-

356 913 437 964 mam
461 897 704 982 disputationem
728 899 812 966 illam
838 899 999 985 ingressus
1022 897 1061 968 de
1089 897 1188 966 libero
1218 898 1351 965 arbitrio
1381 916 1454 965 cum
1477 899 1607 965 divina

356 1003 551 1090 providentia
575 1013 755 1091 comparato
779 1005 808 1072 in
833 1004 1027 1091 quibuslibet
1050 1005 1193 1072 ornoium
1216 1012 1436 1072 creaturarum
1453 1005 1604 1072 actioni·

355 1108 416 1178 bus
440 1111 493 1178 uei
518 1111 732 1196 providentiae
755 1111 915 1191 subiectis,
947 1111 1144 1178 maudrabuli
1169 1115 1220 1192 (ut
1241 1111 1343 1195 aiunt)
1367 1113 1485 1178 ruore¹
1511 1129 1604 1197 pro-

183 1225 337 1280 mtu-tut·
356 1215 473 1296 ficiens,
497 1218 551 1304 qui
576 1219 807 1286 baereticorum
833 1237 899 1286 mos
922 1226 969 1286 est
992 1219 1114 1286 dicente
1145 1219 1307 1304 Apostoll:
1332 1217 1414 1286 Moli
1436 1215 1603 1284 domines

355 1333 384 1391 et
407 1327 601 1411 impostores
633 1325 807 1412 proficient
831 1326 867 1392 iu
886 1327 997 1413 peius,
1020 1326 1123 1413 ipsum
1146 1343 1278 1412 prorsus
1312 1324 1467 1412 iugulavit
1498 1325 1600 1392 affir-

356 1449 454 1510 mans
477 1431 519 1498 ob
542 1432 769 1500 immotabilem
793 1434 847 1500 llei
873 1433 1099 1519 providentiam
1131 1433 1169 1500 de
1192 1432 1349 1512 omnibus
1373 1449 1597 1518 quaecuuque

356 1537 387 1604 iu
411 1546 476 1605 toto
500 1539 580 1605 liunt
603 1541 690 1619 orbe,
714 1540 858 1607 absoluta
881 1541 1064 1608 necessitate
1080 1539 1149 1606 lieri
1165 1539 1312 1618 omnia²;
1335 1545 1432 1624 atque
1448 1539 1510 1605 hoc
1525 1545 1595 1616 est,

355 1645 440 1730 quod
464 1646 552 1713 vobis
582 1652 614 1714 et
645 1647 801 1732 praesenti
832 1655 864 1714 et
886 1645 1029 1732 sequenti
1053 1645 1187 1712 articulo
1209 1644 1365 1713 obiicitur.
1391 1645 1453 1711 Vos
1475 1653 1594 1712 autem

355 1751 445 1837 quasi
469 1753 517 1820 vel
541 1753 624 1838 ipsas
647 1771 739 1822 voces
770 1771 832 1821 uon
865 1753 1081 1840 intelligentes.
1114 1753 1168 1838 qui
1201 1759 1318 1819 tantam
1349 1751 1466 1838 alioqui
1492 1751 1593 1818 robis

356 1857 541 1944 Tbeologiae
565 1860 708 1945 peritiam
733 1861 897 1946 arrogatis,
914 1859 979 1927 lere
996 1858 1191 1945 respondetis
1208 1865 1327 1926 tantmu
1350 1858 1391 1926 de
1414 1858 1516 1926 libero
1532 1877 1594 1924 ar-

357 1964 450 2031 bitrio
474 1983 546 2032 com
570 1967 670 2054 gratia
693 1969 814 2035 collato.

444 2073 653 2159 Quapropter,
677 2083 713 2140 ut
736 2075 845 2160 paucis
875 2074 913 2140 ad
937 2080 1043 2140 vestra
1072 2079 1221 2159 tanquam
1244 2074 1284 2140 ad
1307 2089 1373 2141 rem
1397 2091 1460 2140 non
1484 2073 1592 2160 perti·

356 2179 461 2245 nentia
492 2180 707 2266 respondeam,
743 2180 907 2267 principio,
941 2181 1016 2266 quia
1050 2180 1261 2267 quotidianam
1297 2179 1591 2265 adducitisexpe

356 2285 500 2352 rientiam
524 2294 633 2353 contra
657 2287 790 2354 liberum
814 2287 994 2366 arbitrium,
1018 2294 1136 2374 quanto
1152 2287 1280 2366 certina,
1305 2286 1404 2353 Deum
1422 2286 1591 2354 immorta-

357 2391 428 2470 lem,
451 2393 647 2478 experientia
671 2413 726 2461 vos
748 2393 891 2461 docuerit
915 2395 1051 2461 nativam
1075 2394 1196 2461 arbitrii
1221 2394 1319 2461 nostri
1337 2393 1528 2472 libertatem,
1545 2393 1590 2460 de

356 2517 420 2584 qua
442 2506 517 2567 suut
541 2500 571 2566 bi
595 2500 659 2568 duo
682 2500 817 2579 articuli,
841 2501 865 2567 si
891 2501 1003 2586 quise
1026 2501 1155 2568 consilio
1181 2500 1299 2568 Ethnici
1323 2499 1488 2567 cuiusdam
1514 2499 1590 2586 pbi-

357 2605 477 2690 losopbi
501 2605 668 2673 adversum
693 2625 756 2685 eoa,
772 2606 827 2693 qui
851 2605 993 2673 absoluta
1017 2607 1200 2674 necessitate
1224 2605 1440 2692 praedicarent
1455 2606 1588 2672 evenire

356 2713 470 2791 omnia,
490 2719 617 2798 arrepto
641 2712 722 2780 suste
747 2713 848 2780 valido
871 2720 973 2780 costas
990 2719 1110 2780 vestras
1133 2731 1170 2780 eo
1194 2731 1296 2798 usque
1311 2711 1490 2780 durissimis
1514 2713 1588 2798 pul-

356 2826 441 2886 saret
464 2819 588 2898 ictibus,
611 2837 779 2906 quousque
796 2819 843 2886 vel
867 2819 985 2887 doloris
1000 2820 1169 2887 acerbitate
1185 2818 1410 2886 confiteremini
1435 2819 1468 2884 iu
1485 2818 1589 2886 libera

356 2925 496 2992 ferientis
519 2933 681 3011 potestate,
705 2927 869 2993 retrabere
892 2928 1005 2994 fustem
1035 2933 1131 3012 atque
1154 2942 1286 2993 cessare.
1304 2961 1345 2976 -
1365 2925 1484 2992 Deinde
1509 2944 1588 2992 vero

355 3031 440 3117 quod
463 3032 605 3118 obiicitiS,
630 3033 714 3118 quod
737 3033 828 3100 siculi
854 3051 910 3118 per
933 3039 1078 3100 naturam
1096 3042 1235 3099 nostram
1260 3032 1360 3099 Deum
1376 3031 1497 3117 absque
1512 3051 1588 3118 gra-

356 3137 436 3204 tuito
461 3139 559 3224 ipsius
582 3158 713 3207 munere
744 3158 932 3226 cognoscere
959 3158 1020 3206 nou
1046 3156 1224 3225 possumus,
1248 3139 1399 3206 nimirum
1423 3147 1587 3225 quatenus

356 3253 480 3330 oportet
502 3253 597 3332 atque
621 3246 776 3313 humanae
799 3247 893 3313 saluti
922 3247 1133 3313 necessarium
1164 3252 1222 3325 est,
1247 3253 1356 3332 utpote
1390 3245 1482 3312 iuxta
1506 3246 1588 3313 scri-

356 3358 481 3435 pturam
506 3353 587 3418 caeci
612 3360 644 3418 ot
667 3352 802 3438 imperiti
831 3359 945 3418 natura
968 3369 1086 3431 omnes,
1111 3352 1153 3418 ita
1176 3369 1304 3438 quoque
1331 3351 1396 3418 sola
1419 3351 1586 3418 voluntate

357 3467 464 3527 nostra
486 3477 542 3526 seu
570 3459 668 3526 libero
691 3459 823 3527 arbitrio
846 3459 926 3526 citra
948 3459 1003 3527 Dei
1026 3459 1158 3546 gratiam
1183 3467 1215 3526 et
1237 3458 1393 3525 auxilium
1417 3457 1511 3544 digne
1535 3478 1586 3538 ac,

418 3593 429 3614 '¹
446 3591 614 3640 dimidiaverit.

427 3819 435 3850 ¹
456 3821 567 3872 durrales
586 3819 757 3873 Novesienses
775 3818 847 3884 apud
868 3819 1040 3871 ilementum
1060 3817 1084 3871 l.
1098 3819 1220 3884 ampliss.
1232 3816 1336 3872 Collect.
1355 3817 1403 3870 col.
1423 3815 1489 3870 670:
1504 3817 1586 3872 Murr-

356 3907 466 3962 drobuli
483 3908 607 3976 equidem
627 3921 700 3960 more
719 3921 761 3960 res
780 3920 884 3960 mecum
910 3913 1098 3960 successerunt.
1124 3907 1200 3959 Eram
1226 3906 1296 3959 enim
1322 3911 1381 3958 anto
1404 3905 1431 3958 ln
1459 3906 1585 3972 quietiori

355 3999 413 4051 loco
431 3997 611 4050 constitutus...
632 3997 677 4050 llic
695 3997 761 4049 inter
787 4009 922 4049 armorum
948 3995 1072 4061 strepitus
1098 3996 1204 4048 vivitur.
1224 3995 1274 4058 (Du
1297 3993 1395 4060 Gange,
1419 3994 1586 4050 Glossarium

357 4087 459 4140 mediae
478 4093 503 4138 et
522 4086 626 4139 iullmaa
645 4085 786 4140 latinitatis.
805 4085 876 4138 Paris
895 4084 974 4138 lats.
994 4085 1020 4136 ιθ
1040 4085 1081 4138 tv.
1101 4083 1176 4152 aab:
1195 4113 1230 4124 -
1250 4083 1296 4138 llic
1315 4097 1380 4137 vero
1401 4103 1415 4131 a
1427 4081 1586 4138 ldandrabu-

356 4175 422 4229 lua,
446 4175 508 4228 nibil
527 4175 599 4228 aliud
617 4175 722 4229 videtur
740 4187 798 4228 esse
825 4174 874 4226 nisi
894 4173 1052 4227 vocabulum
1072 4173 1210 4226 danlcnmr
1231 4193 1245 4222 ι
1259 4172 1456 4227 llanddraber»
1481 4171 1586 4235 (scribi-

357 4271 399 4318 tur
411 4279 425 4318 a
439 4265 518 4318 Paulo
537 4265 637 4318 ileliae:
660 4261 894 4318 «mocdrodere»
916 4263 988 4328 apud
1007 4261 1113 4329 Seclter,
1134 4263 1210 4316 l³orel
1224 4264 1337 4317 Ellesens
1356 4264 1459 4316 Daualre
1474 4263 1585 4318 Slrriller

357 4352 420 4421 tm)
439 4376 474 4399 =
493 4355 603 4408 occisor.
622 4354 745 4421 Sequitur
763 4353 833 4405 enim
854 4353 932 4419 paulo
951 4352 1028 4406 intra:
1052 4352 1165 4418 «ipsum
1178 4365 1287 4418 prorsus
1305 4349 1476 4422 reputare».

427 4439 495 4496 ’Cb
514 4444 580 4496 intra
602 4443 650 4496 lat
670 4457 711 4510 sq.
