3364 5092
380 213 422 278 st
697 229 893 277 concursum
916 229 1149 276 curuansnrsur
1172 227 1289 276 uanrcr.

378 355 499 441 phetas,
523 353 684 439 Apostolos
707 350 775 437 (32)
810 361 842 420 et
866 353 1086 438 Evangelistas
1111 361 1147 419 ut
1177 370 1214 418 ea
1245 351 1335 419 nobis
1363 351 1643 425 conscriberent,

378 461 517 528 maxime
540 460 635 546 quod,
660 467 696 526 ut
719 459 811 526 etiarn
834 467 907 525 ante
930 459 1048 525 dictum
1072 459 1142 536 luit,
1167 457 1363 543 potissimum
1389 459 1419 524 in
1446 459 1516 524 hoc
1556 457 1642 522 mis-

379 585 434 634 sus
457 575 506 634 est
529 565 661 652 spiritns
684 573 822 644 sanctus,
847 575 882 632 ut
907 566 1059 632 Ecclesiae
1089 565 1238 650 magister
1265 583 1301 631 ac
1329 565 1493 649 interpres
1521 565 1640 629 coele-

379 674 474 741 stium
492 673 725 758 scripturarum
742 680 841 750 esset;
866 672 944 738 nihil
960 672 1042 738 enirn
1063 671 1218 738 Ecclesiae
1230 671 1284 738 Dei
1303 670 1475 756 profuisset
1495 670 1638 736 utrius-

379 797 441 866 que
476 779 652 846 testamenti
688 778 878 864 scripturam
912 777 1063 844 divinitus
1097 778 1254 862 accepisse
1289 795 1345 863 per
1379 777 1536 844 homines
1575 775 1636 840 Dei

378 887 550 972 prophetas
573 893 604 952 et
627 886 799 970 Apostolos,
823 885 881 951 nisi
907 903 963 970 per
978 883 1055 950 alins
1071 885 1144 951 item
1163 883 1215 950 Dei
1238 884 1390 962 heminae,
1414 883 1636 950 orthodoxos

380 999 485 1077 patres
508 999 539 1059 et
563 991 707 1059 doctores
730 1009 846 1070 sacros,
871 999 988 1058 rectam
1014 1008 1185 1076 raramque
1208 989 1307 1075 ipsius
1329 990 1508 1074 accepisset
1535 989 1635 1056 intel-

379 1099 549 1184 ligentiam.
586 1099 647 1165 lloc
682 1098 833 1165 nimirum
869 1106 927 1178 est,
958 1097 1042 1183 quud
1075 1098 1180 1182 priore
1203 1096 1241 1162 ad
1269 1097 1450 1163 Corinthios
1482 1097 1633 1182 epistola

223 1222 242 1266 r.
257 1222 307 1320 cg.
322 1222 354 1275 u,
380 1205 495 1272 Paulus
516 1205 577 1270 ait:
603 1205 773 1287 Quosdam
805 1205 936 1293 quidun
967 1205 1082 1290 posuit
1107 1205 1193 1270 licus
1223 1205 1259 1269 iu
1286 1202 1430 1270 Ecclesia
1458 1204 1630 1289 primuni

300 1307 305 1320 '
380 1311 562 1397 A,postoles
597 1311 740 1377 secunda
773 1309 964 1396 prophetas,
1000 1311 1093 1376 tertio
1127 1311 1284 1376 tinctores
1313 1309 1441 1394 Quod
1435 1327 1548 1394 ipsum
1586 1309 1627 1374 ad

242 1435 331 1532 nauis
380 1418 528 1503 Ephesios
551 1417 689 1504 explicat
712 1418 853 1485 uberius.
879 1419 953 1484 Nam
989 1418 1028 1484 de
1050 1417 1176 1485 Christo
1199 1417 1347 1502 laquens.
1380 1417 1465 1502 Ipse,
1499 1415 1626 1502 inquit,

378 1523 466 1590 dedit
489 1523 575 1590 ulios
597 1522 728 1612 quidem
755 1523 938 1609 Apostolos,
962 1523 1048 1590 ulios
1070 1543 1147 1590 vero
1169 1521 1358 1610 prophetas,
1390 1521 1478 1589 alios
1502 1531 1624 1588 autem

380 1629 621 1717 anuyelistas,
646 1629 731 1696 alies
761 1639 873 1696 auten
895 1639 1047 1716 pastores
1070 1649 1111 1697 ac
1135 1630 1282 1696 doctores
1313 1629 1359 1695 ad
1390 1628 1623 1694 instauratio-

379 1755 453 1801 nem
476 1744 684 1814 sanctorum,
702 1735 738 1801 in
754 1755 838 1822 epus
860 1735 1178 1814 administrationis,
1195 1736 1231 1801 iu
1255 1733 1521 1820 aedificationem
1544 1753 1621 1799 car-

374 1841 471 1927 paris
497 1839 632 1920 Christi,
649 1841 749 1908 clonae
762 1843 999 1928 perveniamus
1015 1861 1126 1909 amnes
1141 1843 1177 1908 in
1200 1841 1361 1908 unitatem
1375 1839 1455 1925 fidei
1469 1849 1500 1906 et
1516 1841 1620 1926 aprii-

380 1949 479 2015 ticnis
500 1947 565 2032 filit
589 1949 658 2026 Dei,
683 1949 717 2036 iu
742 1949 855 2015 virson
877 1947 1073 2035 perfectum,
1091 1949 1125 2014 in
1143 1967 1336 2015 manaturum
1362 1948 1482 2014 aciatis
1496 1947 1619 2033 pharue

379 2055 515 2121 adultae
540 2053 675 2130 Christi,
700 2063 742 2120 ut·
759 2075 825 2121 nan
848 2055 996 2141 arnplius
1010 2055 1119 2121 simus
1139 2055 1251 2140 pueri,
1275 2054 1335 2143 qui
1355 2052 1558 2138 fluctuemus
1587 2062 1617 2118 et

378 2159 665 2247 circumferamur
688 2162 804 2249 quovis
827 2171 920 2228 vento
943 2161 1116 2228 doctrinae
1135 2180 1197 2246 per
1219 2161 1401 2227 amentiam
1424 2158 1613 2237 leominum,

374 2287 437 2353 per
464 2267 638 2346 astutiam,
663 2287 731 2356 quit
754 2287 814 2334 nos
848 2269 1056 2335 aclariuntur
1080 2275 1117 2332 ut
1151 2267 1323 2352 imponant
1357 2265 1451 2332 nobis
1481 2273 1541 2333 etc.
1568 2267 1611 2332 En

378 2373 508 2440 Paulum
532 2381 640 2459 aperte
663 2374 836 2454 docentem,
860 2393 921 2440 nan
947 2374 1038 2440 macla
1062 2375 1242 2458 prophetas,
1267 2374 1426 2457 hpnstolos
1449 2380 1480 2439 et
1512 2373 1612 2439 Eran-

378 2480 514 2565 gelistas,
539 2498 648 2547 verum
673 2481 766 2547 eliam
791 2487 933 2565 pastores
955 2498 992 2546 ac
1014 2479 1159 2547 ductores
1186 2498 1245 2546 ceu
1269 2479 1456 2564 interpretes
1480 2479 1608 2545 illorum

377 2585 528 2652 divinitus
552 2586 704 2653 Ecclesiae
726 2586 824 2666 datas,
856 2587 951 2672 idque
981 2586 1019 2652 ad
1050 2586 1296 2653 aedificationem
1322 2585 1483 2664 Ecclesiae,
1517 2596 1548 2652 et
1577 2586 1607 2651 in

378 2692 474 2759 seculi
499 2693 810 2772 consummationem,
836 2700 871 2759 nt
896 2693 981 2759 hisce
1004 2700 1152 2778 unquam
1184 2692 1290 2759 alteo
1321 2691 1485 2758 illustratis
1514 2691 1606 2758 fidem

377 2797 561 2866 adhibentes
577 2818 639 2866 non
661 2798 857 2866 abducamur
874 2800 904 2865 in
929 2817 1070 2866 errorem
1088 2817 1144 2884 per
1159 2817 1213 2866 eos
1236 2798 1290 2884 qui
1307 2797 1464 2865 contraria
1485 2797 1605 2865 docent.

377 2904 458 2988 Quin
484 2905 542 2972 hac
557 2903 596 2972 de
620 2924 655 2972 re
671 2905 999 2972 Thessalonicensibus
1023 2905 1162 2972 breviter
1185 2905 1277 2972 iuxta
1304 2923 1339 2972 ac
1366 2903 1466 2971 lucide
1488 2906 1605 2990 praeci-

208 3029 354 3127 μἯιιῡ,
380 3010 484 3096 piens:
500 3009 676 3096 Spiritum,
693 3012 806 3097 inquit,
823 3032 862 3077 ue
878 3011 1094 3098 eutinpuutis,
1110 3009 1301 3096 prophetias
1317 3030 1357 3076 ne
1373 3011 1602 3096 aspernemini.

379 3117 439 3182 lloc
463 3125 568 3182 autem
599 3117 724 3184 nomine
757 3118 850 3184 Patala
880 3136 1013 3184 arcanae
1044 3117 1220 3202 scripturae
1252 3117 1410 3184 ersarratin
1441 3117 1601 3201 significari

378 3223 466 3301 solet,
491 3223 540 3288 cui
566 3225 614 3290 vel
638 3224 801 3308 proximas
823 3242 842 3290 a
865 3224 1018 3291 charitate
1042 3231 1147 3309 partes
1179 3224 1261 3290 intur
1292 3223 1397 3289 divina
1420 3223 1600 3290 charismata

222 3346 242 3391 a.
256 3347 306 3392 cor.
321 3346 354 3400 u,
378 3329 409 3396 in
435 3329 540 3414 priore
563 3329 602 3396 ad
618 3330 795 3396 Corinthios
812 3331 942 3415 epistola
959 3331 1079 3397 tribuit.
1102 3331 1301 3416 Quapropter
1325 3336 1356 3396 et
1372 3330 1440 3415 piae
1460 3330 1598 3396 orthodo-

251 3401 328 3446 Μ’
379 3453 495 3502 norsum
515 3444 640 3520 patrum
658 3437 1257 3523 lucubrationes1,explanationesque
1281 3435 1461 3504 caelestium
1493 3455 1597 3504 nracu

379 3541 481 3608 lorum
511 3543 550 3609 ab
581 3543 626 3610 eis
657 3544 863 3629 conscriptae,
896 3544 1142 3630 haudquaquam
1178 3543 1267 3610 nohis
1303 3543 1493 3628 respuendae
1518 3552 1594 3622 sunt,

381 3665 489 3713 verum
515 3655 663 3734 lanariam
690 3649 728 3714 ad
752 3649 958 3716 Christianam
978 3649 1255 3735 Evangelicamoue
1271 3649 1445 3715 doctrinam
1467 3649 1593 3734 apprime

450 3878 458 3909 ¹
480 3880 550 3934 Mon.
573 3881 726 3946 (Dedicatio)
746 3882 766 3934 Α
787 3883 817 3932 2:
837 3881 970 3934 Nostrae...
982 3895 1030 3946 pro
1044 3879 1212 3934 orlltndosae
1230 3880 1289 3933 lldei
1304 3861 1449 3945 patrocinio
1462 3881 1591 3945 insumptss

378 3967 632 4024 lucrrbratiunaulas
651 3969 866 4022 transmittemus.
885 3997 921 4010 -
939 3968 977 4023 Cl.
1000 3969 1082 4024 Enati.
1101 3984 1124 4022 c.
1146 3970 1187 4021 ts.
1206 3967 1260 4022 Fb.
1279 3970 1357 4036 Qui...
1374 3970 1518 4034 comperiet,
1535 3969 1588 4022 tidei

378 4065 481 4111 nostrae
500 4059 630 4124 primores
649 4058 705 4110 reri
726 4057 800 4110 verbi
820 4058 865 4110 Ilei
886 4059 1017 4111 notionem
1033 4057 1155 4110 hahuisse
1174 4059 1295 4125 adeoque
1314 4059 1340 4110 in
1353 4072 1401 4110 nus
1420 4071 1587 4123 propagasse...

378 4147 466 4199 Patres
484 4153 571 4199 etitem
591 4161 658 4199 roco
677 4161 731 4198 non
750 4147 831 4199 cnudo
845 4161 891 4198 eos
903 4147 948 4213 qui
968 4147 1048 4199 sacris
1063 4147 1232 4200 interfuerunt
1254 4147 1377 4210 conciliis,
1399 4145 1445 4198 sed
1463 4147 1586 4200 etiamnum

377 4248 564 4302 omnesones
584 4238 709 4288 hactenus
729 4243 779 4287 lota
799 4233 958 4300 approbavit
977 4236 1104 4288 Ecclesia:
1130 4234 1262 4298 Basiliam,
1288 4233 1413 4300 Cyrillum
1433 4242 1496 4288 etc...
1516 4243 1537 4288 et
1554 4251 1586 4289 re·

377 4323 472 4390 liquos,
500 4337 615 4390 quorum
643 4324 718 4387 tides,
738 4337 828 4390 opera,
853 4323 958 4390 scripta,
986 4325 1055 4376 ritae
1084 4324 1253 4377 sanctimonia
1283 4324 1315 4376 ad
1337 4339 1383 4377 aas
1408 4339 1506 4392 quoque
1526 4324 1585 4377 cleri-

378 4417 438 4464 vata
458 4418 527 4466 sunt.
