3364 5092
361 227 403 292 76
677 244 874 296 consorano
896 245 1129 294 nurnnntnvsur
1151 247 1269 296 nanim.

358 375 552 448 sanctornm,
575 369 740 436 doctorum
765 369 1007 449 commentariis,
1031 370 1227 438 secularibus
1250 371 1350 439 literis
1377 378 1408 440 et
1440 373 1592 441 humanis
1656 377 1657 382 ’

357 474 494 560 denique
517 475 816 554 ratiocinationibus,
833 484 942 560 utpote
961 475 1000 542 ad
1016 476 1521 565 Christianamlivangelicamque
1538 479 1593 548 do

358 581 493 648 ctrinam
516 581 757 667 pertinentibus
789 581 878 648 nobis
901 581 1069 650 adversum
1094 601 1149 650 vos
1181 583 1211 650 in
1234 582 1417 652 disserendo
1439 586 1510 653 iure
1541 587 1589 653 uti

358 705 396 756 ac
425 688 575 756 dimicare
606 689 688 768 licet,
721 688 878 755 tamenin
915 689 1101 774 praesentia,
1124 697 1161 757 ut
1185 689 1349 771 hactenus,
1372 691 1415 758 ita
1441 691 1592 777 deinceps

359 794 425 862 lere
448 795 586 862 abibliis
610 803 732 862 tantum
757 795 930 862 auxiliares
953 795 1060 881 copias
1076 796 1107 862 in
1131 813 1267 883 pugnam
1291 797 1504 877 evocabimns,
1527 800 1589 865 nisi

359 901 485 987 quando
500 901 581 968 forte
597 918 649 968 res
665 901 732 986 ipsa
747 917 839 968 secus
854 901 956 969 obiter
972 903 1189 987 postulaverit,
1205 903 1245 969 ne
1260 903 1379 970 scilicet
1395 921 1452 971 nos
1466 903 1591 972 trustra

360 1015 565 1094 torqueamus
587 1006 672 1092 apud
695 1025 759 1087 eos,
782 1007 837 1092 qui
862 1015 1026 1092 praeterea
1049 1007 1206 1092 recipiunt
1229 1007 1325 1088 nihil3
1351 1010 1489 1077 oraxime
1513 1027 1592 1077 vero

359 1115 519 1199 quoniam,
543 1121 580 1181 ut
603 1113 692 1180 initio
719 1130 847 1199 qnoque
877 1113 1028 1192 diximus
1060 1114 1119 1181 hac
1152 1113 1328 1181 velitatione
1358 1122 1467 1182 nostra
1497 1115 1589 1201 qnasi

360 1219 581 1305 praeludentes
614 1219 653 1286 ad
689 1219 791 1286 maius
824 1217 950 1304 aliquod
983 1222 1181 1298 certamen1,
1210 1221 1379 1304 praecipue
1409 1220 1589 1306 generalem

359 1324 516 1410 quandam
535 1324 631 1391 totins
647 1332 770 1392 vestrae
785 1323 927 1391 factionis
942 1324 1211 1392 conlomlionem¹
1235 1325 1439 1393 instituimus.
1457 1325 1591 1393 Proinde

360 1429 516 1516 longiores
539 1429 571 1496 in
605 1429 815 1515 oppugnando
851 1429 952 1509 titulo,
984 1439 1093 1515 utpote
1125 1429 1206 1497 duos
1238 1447 1364 1497 errores
1398 1431 1591 1509 continente,

359 1535 623 1620 quemadmodum
647 1543 720 1604 ante
742 1536 861 1602 dictum
885 1544 943 1614 est,
968 1537 1133 1604 universae
1161 1535 1303 1603 factionis
1326 1543 1450 1604 vestrae
1477 1538 1591 1605 londa·

360 1650 475 1722 menta
491 1651 524 1709 at
538 1643 623 1710 eirca
639 1644 779 1729 singulos
794 1642 945 1709 articulos
960 1642 1122 1709 breviores
1137 1641 1236 1709 futuri
1254 1641 1394 1710 sumus*
1410 1679 1456 1730 ἢ
1470 1645 1590 1730 quippe

359 1747 398 1816 de
421 1766 558 1834 quornm
583 1767 785 1835 unoquoque,
820 1749 844 1816 si
882 1767 940 1834 pro
963 1748 1113 1834 dignitate
1148 1766 1207 1815 suo
1230 1755 1431 1829 tractaretur,
1468 1751 1589 1818 iustum

360 1853 506 1922 volumen
531 1856 625 1922 scribi
650 1864 755 1940 posset
771 1892 825 1934 -,
841 1855 939 1922 donec
963 1854 1126 1922 videamus
1149 1874 1168 1922 a
1191 1854 1279 1922 vobis
1294 1854 1465 1940 quicquam
1490 1858 1592 1943 magis

360 1961 563 2045 responsione
585 1961 726 2047 dignum,
757 1980 852 2047 qnam
886 1963 1052 2047 hucusque
1083 1960 1278 2039 obtuleritis;
1302 1960 1463 2047 simulque
1493 1963 1591 2029 incle

361 2067 477 2135 mentia
501 2063 571 2148 (43)
594 2068 717 2135 hiberni
742 2068 869 2154 trigoris
899 2069 960 2136 sub
991 2069 1050 2134 hoc
1080 2068 1254 2154 aquilonari
1288 2067 1374 2135 coelo
1404 2069 1590 2154 propediem

361 2175 562 2254 imminentis,
585 2173 669 2261 quod
687 2173 810 2241 lamiam
828 2175 1044 2260 praesentiscit
1059 2174 1214 2241 imbecille
1229 2175 1452 2259 corpusculum
1471 2193 1590 2253 meum,

360 2280 398 2348 ad
423 2281 616 2366 hypocausta
640 2299 689 2350 me
712 2284 892 2367 germanica
917 2289 1042 2348 revocet
1064 2288 1094 2348 et
1119 2281 1238 2347 invitat.

894 2545 1052 2637 Epilogus.

450 2819 584 2884 Tantum
608 2819 704 2904 igitur
728 2818 815 2884 abest
840 2821 917 2903 (quo
940 2817 1063 2884 undem
1082 2817 1155 2884 huic
1172 2817 1275 2901 primo
1291 2816 1471 2902 congressui
1496 2817 1591 2884 linem

360 2923 582 3009 imponamus),
608 2931 643 2990 ut
677 2924 745 2990 sitis
777 2923 949 3009 Evangelici
981 2923 1225 3000 concionatores
1250 2929 1286 2989 ut
1310 2941 1371 2989 non
1404 2921 1496 2988 modo
1529 2941 1591 2990 non

362 3030 503 3097 habeatis
527 3030 726 3115 Evangelinm
754 3031 868 3114 ipsum,
892 3037 1000 3114 utpote
1031 3047 1180 3114 germana
1207 3047 1346 3114 veraque
1376 3029 1445 3095 eius
1477 3029 1593 3096 intelli-

361 3137 465 3224 gentia
490 3137 590 3214 vacui,
614 3135 877 3222 quemadmodum
902 3134 1049 3220 superins
1073 3135 1210 3219 (opinorl
1234 3134 1334 3202 valide
1358 3135 1449 3201 iuxta
1476 3153 1513 3201 ac
1546 3135 1593 3202 di-

362 3243 464 3310 lucide
487 3251 647 3310 ostensum
673 3250 730 3319 est,
755 3243 983 3308 verumetiam
1016 3259 1054 3307 ne
1078 3242 1213 3308 nominis
1244 3241 1371 3327 quidem
1395 3240 1496 3326 ipsius
1528 3243 1593 3308 vim

361 3357 457 3435 atquc
489 3348 712 3433 proprietatem
745 3347 934 3432 intelligatis,
965 3355 1073 3440 utpote
1105 3349 1345 3414 mortificantem
1379 3347 1500 3414 literam
1534 3367 1594 3433 pro

362 3456 474 3540 spiritu
493 3455 669 3520 vivificante
687 3454 716 3518 in
735 3453 899 3538 Evangelio
915 3453 1147 3538 amplectentes,
1163 3452 1427 3538 quemadmodum
1446 3453 1594 3538 proxime

424 3591 435 3614 ⁸
456 3599 580 3633 «snmus»
600 3585 676 3632 deest.

434 3893 527 3947 ¹lllud
550 3891 661 3946 amiur
679 3887 783 3960 aliquod
801 3888 958 3944 malausa»
986 3888 1012 3941 in
1031 3888 1232 3944 lotrcdavctiovta
1255 3891 1271 3958 S
1296 3891 1321 3942 3.
1346 3890 1380 3944 ad
1406 3905 1431 3944 n.
1460 3893 1502 3958 13,
1528 3891 1547 3944 i.
1572 3907 1594 3947 e.

363 3999 410 4050 pp.
432 3985 463 4036 ro
482 3990 507 4036 et
528 3983 571 4034 ld.
589 3980 788 4046 descripsimus.

434 4070 445 4103 a
465 4073 499 4124 Ex
519 4073 569 4124 troc
587 4071 644 4122 loco
663 4065 762 4122 titulun
780 4065 830 4122 toti
847 4065 910 4120 lvoic
927 4065 1004 4135 operi
1021 4061 1215 4132 inscribendus,
1229 4067 1273 4134 qni
1288 4069 1315 4120 iu
1329 4070 1411 4122 tronte
1424 4069 1593 4136 Manoscripti

364 4165 459 4214 trustra
477 4161 621 4230 quaeritur,
640 4157 745 4210 videtur
766 4169 843 4221 posse
862 4155 928 4220 erui,
947 4169 983 4208 sc.
1006 4175 1019 4202 ι
1032 4151 1167 4210 donatuli·
1184 4153 1308 4225 quaedam
1327 4154 1412 4212 totino
1426 4155 1595 4214 undamn

363 4247 487 4304 lecticula
505 4247 533 4303 in
552 4245 636 4302 Dauid
653 4242 799 4300 confutatio
813 4263 838 4297 a.
857 4242 904 4297 Coi
925 4251 1020 4307 taruco,
1041 4251 1130 4309 utpote
1149 4258 1234 4312 neque
1253 4253 1334 4309 certo,
1352 4253 1379 4299 et
1398 4247 1520 4312 longiori,
1540 4249 1594 4301 imo

364 4347 390 4394 et
408 4339 542 4404 unicolori,
563 4336 669 4390 brevior
688 4341 713 4386 et
732 4331 892 4386 moderatior
905 4346 919 4384 a
933 4331 1010 4386 uobls
1028 4331 1236 4386 substitutorem
1250 4334 1373 4402 isquam
1392 4335 1445 4389 lam
1465 4351 1546 4403 saepe
1560 4339 1594 4391 vi·

365 4429 403 4481 dlt
422 4427 568 4481 benevolos
587 4426 674 4488 lector,
694 4421 829 4475 videliceta
852 4441 865 4468 ι
879 4417 1029 4475 (inundatio
1047 4417 1242 4476 huthrranlruri
1259 4419 1352 4478 danici
1365 4443 1390 4477 ι.
