3390 5096
360 235 425 299 ‘2‘22
676 251 871 300 contutante
895 253 1125 300 tutueuntttsltt
1149 253 1265 300 nantel.

446 377 533 460 Quae
557 393 632 442 uero
655 384 845 462 sequuntur,
869 379 934 444 risu
959 383 1044 444 certe
1066 377 1159 462 digna
1176 387 1260 444 sunt.
1276 377 1353 461 Quis
1370 395 1506 462 unquam
1524 395 1582 442 au·

357 483 444 570 divit,
461 483 597 569 aliquem
619 501 675 569 per
700 485 809 550 missas
832 493 864 550 et
886 484 1099 551 anniversaria
1117 484 1205 552 bonis
1221 485 1288 551 suis
1303 484 1490 570 spoliatum?
1505 483 1582 548 Nul-

358 590 408 657 lus
430 591 514 657 enim
541 592 602 658 huc
626 592 654 656 ri
679 590 827 676 adigitur,
852 591 908 657 nisi
935 600 1038 657 mitten
1062 589 1142 657 lorte
1159 590 1333 657 itsdictnm
1351 591 1447 676 accipi
1469 589 1581 665 uelitis,
1655 629 1656 676 p

188 712 335 766 econius.
357 697 621 783 quemadmodum
647 697 760 764 Paulus
783 697 821 764 ad
845 699 1022 764 Corinthios
1047 697 1194 783 loquens:
1221 698 1327 775 Alius,
1345 697 1457 783 inquit,
1477 696 1579 762 Eccle-
1655 695 1656 704 ‘

355 805 427 870 sios
450 803 643 890 exspoliavi,
664 804 830 890 (recipiens
845 804 1010 890 stipendio
1032 804 1079 870 nd
1094 803 1317 870 urinmterium
1334 811 1488 870 vestrum.
1503 802 1583 887 Quis

358 929 496 996 unquam
521 911 657 996 aliquem
683 911 739 978 liec
765 912 884 978 ratione
907 911 945 976 ad
969 919 1144 978 extremam
1180 911 1342 978 redactum
1367 911 1500 996 inopiam
1525 927 1582 975 au-

356 1016 433 1083 divit
444 1023 457 1082 t
469 1016 565 1084 Nemo
577 1017 658 1083 enim
677 1017 761 1084 hrrnc
778 1018 808 1083 in
826 1035 918 1084 rustum
935 1017 1115 1102 impendere
1131 1017 1264 1102 cogitur,
1278 1018 1362 1084 ultra
1378 1035 1468 1084 suam
1485 1017 1582 1101 ipsios

356 1123 548 1190 voluntalem
572 1132 667 1210 atque
690 1123 880 1191 facultatem.
905 1125 969 1190 Non
994 1124 1076 1190 enim
1103 1133 1163 1190 tarn
1201 1123 1341 1198 interest.
1365 1131 1517 1208 quantum
1543 1121 1580 1188 ad

358 1231 425 1315 pios
450 1247 527 1296 usus
549 1231 714 1316 elargiare,
737 1249 831 1316 quarn
865 1232 970 1308 refert,
995 1239 1114 1317 quanto
1149 1247 1191 1297 ex
1225 1249 1333 1298 amore
1365 1230 1396 1296 id
1422 1231 1487 1296 liat.
1509 1230 1582 1295 Plus

357 1337 440 1404 enim
461 1338 492 1402 in
509 1338 764 1422 gazophylacium
791 1339 980 1423 paupercula
999 1338 1092 1404 vidua
1108 1338 1201 1417 misit,
1219 1338 1320 1406 iudice
1335 1337 1472 1416 cinisio,
1488 1352 1581 1422 quam

188 1461 295 1516 scona,
306 1463 339 1508 m.
357 1443 469 1511 diuites
492 1463 610 1511 omnes.
635 1445 709 1510 Nam
734 1451 783 1528 lut
799 1441 886 1530 (tet)
902 1446 1066 1530 Apostolus
1083 1445 1196 1531 inquit)
1212 1445 1244 1510 si
1259 1444 1413 1511 uoluntas
1425 1457 1582 1530 prerupto
1655 1449 1656 1452 ’

358 1561 415 1630 est,
439 1551 619 1618 secundum
645 1551 680 1617 id
702 1551 790 1640 quod
813 1549 906 1617 isabel
937 1561 1073 1637 accepto
1103 1560 1161 1630 est,
1185 1560 1215 1617 et
1244 1551 1515 1618 consecrandum
1549 1547 1583 1613 id
1655 1581 1656 1584 ¹

357 1658 445 1746 quod
468 1677 534 1724 non
557 1655 660 1724 liniret.
692 1659 799 1744 Neque
824 1677 898 1725 vero
928 1659 1105 1726 miserabile
1137 1658 1212 1725 illud
1236 1667 1294 1734 est,
1318 1657 1581 1744 quemadmodum

358 1765 434 1832 falsa
457 1765 736 1832 commiserationis
760 1765 892 1850 imagine
917 1765 1156 1850 conquerimini,
1180 1773 1211 1832 al
1236 1765 1339 1850 potius
1356 1765 1491 1830 multum
1515 1763 1582 1829 lan·

358 1871 471 1949 debile,
494 1871 577 1957 quod
605 1871 744 1938 videmus
776 1889 838 1938 lion
870 1871 1059 1956 simplicium
1094 1873 1186 1938 ruodo
1208 1872 1329 1938 animos
1351 1871 1395 1953 (id
1419 1869 1504 1956 quod
1529 1885 1583 1933 ros

357 1979 482 2061 dicitis),
506 1997 616 2046 verum
641 1978 733 2045 etiam
758 1979 897 2045 omnium
935 1980 984 2065 pie
1017 1979 1047 2044 in
1071 1979 1195 2045 Ctiristo
1231 1979 1402 2046 uiuentium
1428 1975 1582 2062 (quando
1655 1991 1656 2052 t

358 2085 483 2170 quidem
508 2095 540 2152 et
562 2085 729 2152 doctissimi
763 2086 881 2172 quique
913 2085 970 2152 uiri
1007 2085 1141 2170 idipsum
1173 2085 1327 2166 iactitant)
1351 2085 1394 2150 ita
1417 2098 1583 2169 persuasos
1655 2083 1656 2088 ’

358 2210 418 2258 non
445 2192 590 2258 humanis
613 2195 808 2270 commentis
832 2211 868 2258 ac
891 2210 908 2259 e
931 2192 1044 2259 divinis
1069 2191 1167 2286 literis
1183 2191 1460 2278 (quemadmodum
1479 2197 1582 2256 osten-

357 2317 427 2364 sum
452 2301 522 2380 est),
547 2307 582 2364 ut
606 2299 737 2366 salutem
763 2306 878 2384 ponant
902 2299 931 2365 in
959 2299 1136 2366 huiusmodi
1162 2299 1257 2366 relius
1273 2307 1421 2384 tanquam
1439 2296 1496 2363 sibi
1514 2301 1582 2381 post

358 2414 489 2472 mortem
516 2405 700 2490 profuturis,
732 2407 880 2472 nimirum
911 2405 948 2472 ad
985 2406 1137 2474 Ecclesiae
1164 2423 1290 2473 sensum
1314 2413 1346 2472 et
1369 2405 1582 2479 intentionem,

358 2529 469 2596 nempe
494 2513 537 2578 uti
555 2512 731 2591 credamus,
756 2529 817 2578 non
843 2521 911 2598 post
934 2520 1066 2579 mortem
1084 2532 1140 2579 nos
1157 2531 1213 2598 per
1229 2531 1264 2579 ea
1281 2512 1395 2578 mereri
1411 2510 1580 2597 quicquam
1655 2513 1656 2534 i

255 2689 260 2698 ¹
358 2636 457 2703 posse,
481 2627 511 2685 at
537 2620 595 2685 liae
620 2620 649 2685 in
676 2621 738 2686 rita
753 2639 810 2686 nos
834 2637 922 2705 posse
946 2621 1072 2699 mereri,
1097 2621 1198 2706 gralia
1219 2629 1251 2687 et
1274 2620 1426 2686 charitate
1449 2617 1582 2694 adiutos,

358 2733 394 2791 ut
416 2743 452 2792 ea
476 2725 565 2792 nobis
590 2735 658 2810 post
683 2735 814 2792 mortem
841 2725 962 2792 valeant
977 2745 1012 2794 ac
1033 2726 1208 2812 proficiant,
1231 2726 1271 2792 ab
1293 2725 1362 2792 aliis
1379 2725 1505 2791 nomine
1529 2742 1582 2789 no·
1655 2725 1656 2730 ’

357 2832 536 2911 sustenta,
560 2852 621 2900 non
646 2833 772 2920 quidem
805 2833 843 2899 ad
879 2835 1041 2900 cumulum
1067 2851 1199 2900 coronae
1222 2831 1444 2910 adiiciendum,
1467 2832 1521 2899 sed
1545 2829 1582 2896 ad
1655 2863 1656 2912 p

358 2949 557 3025 peccatorum
585 2941 680 3008 liuius
702 2943 784 3008 uitae
810 2941 959 3027 reliquias
983 2941 1164 3026 expiandas,
1189 2940 1294 3020 idest,
1319 2949 1355 3006 ut
1379 2939 1475 3006 rerho
1499 2937 1583 3005 dixe·
1655 2995 1656 3022 p

360 3047 429 3126 rim,
455 3067 515 3114 non
540 3047 577 3114 ad
604 3048 764 3126 meritum,
789 3047 841 3114 sed
866 3049 903 3114 ad
933 3047 1172 3114 satisfactionem
1199 3049 1256 3115 hac
1288 3049 1318 3114 in
1342 3047 1406 3112 uita
1430 3065 1491 3112 non
1516 3062 1583 3131 per·

359 3155 502 3222 solutam.
528 3159 626 3240 ¹itque
651 3156 709 3222 troc
733 3155 836 3240 ipsum
852 3156 996 3222 Christus
1020 3156 1183 3222 consulere
1208 3154 1332 3222 ridetur
1346 3153 1504 3232 omnibus,
1521 3169 1582 3238 quo

360 3261 426 3328 loco
450 3263 509 3329 ait:
536 3263 648 3329 Facite
670 3261 762 3328 voires
785 3261 911 3328 unricus
935 3263 973 3326 de
995 3281 1189 3328 nrurrcnionu
1221 3260 1421 3348 iniquitatis,
1447 3269 1484 3326 ut
1507 3277 1581 3325 curn

358 3367 555 3454 defeceritis,
579 3371 742 3456 recipiant
766 3389 822 3436 vos
846 3370 881 3434 c'n
905 3379 1042 3435 aelerna
1065 3368 1292 3436 lulrerouculu.

449 3477 554 3562 Neque
579 3478 653 3544 haec
680 3477 891 3544 Ecclesiastico
916 3483 1112 3542 mortuorum
1137 3495 1215 3542 cura
1240 3477 1270 3541 in
1295 3476 1355 3542 hoc
1377 3483 1424 3542 est
1441 3473 1582 3541 introdu·
1655 3517 1656 3556 3

360 3591 408 3648 cta
433 3585 491 3666 luti
519 3603 572 3650 vos
596 3585 853 3666 calumniamini),
879 3593 913 3650 ut
937 3602 973 3649 eo
997 3583 1118 3650 facilius
1141 3584 1181 3649 ati
1204 3583 1312 3650 otiosis
1337 3581 1501 3649 uentribus
1525 3579 1582 3648 sul)
1655 3569 1656 3572 '

361 3698 527 3773 praetextu
553 3692 676 3776 pietatis
700 3691 729 3757 in
754 3691 904 3775 siruplicis
928 3691 1107 3776 plebeculae
1142 3690 1222 3756 bona
1255 3699 1421 3775 pararetur
1456 3689 1516 3754 ria.
1542 3723 1582 3736 -

361 3796 462 3864 l'rimo
493 3799 618 3884 quidem
651 3798 830 3884 complores
865 3815 985 3875 eornm,
1021 3799 1074 3882 qni
1102 3799 1177 3863 llaec
1213 3798 1302 3864 nolus
1326 3796 1492 3874 tradidere,
1524 3813 1582 3861 rion

361 3904 452 3970 modo
476 3924 535 3970 riou
561 3907 785 3990 quaesiverunt
811 3906 967 3990 perituras
992 3905 1086 3971 lulius
1110 3905 1205 3971 secuti
1230 3920 1305 3989 opes
1328 3911 1423 3989 atque
1446 3903 1581 3978 delicias,

360 4029 470 4077 uerum
495 4013 587 4078 etiam
612 4030 734 4078 summa
758 4031 830 4078 cum
854 4012 1013 4078 affluentis
1040 4011 1159 4077 liabitas
1176 4012 1260 4077 ultro
1278 4017 1406 4097 propter
1421 4009 1581 4076 Christum

360 4117 551 4194 abiecerunt,
576 4126 607 4184 et
643 4119 871 4186 Ecclesiasticus
908 4137 1057 4203 personae
1081 4119 1138 4184 silli
1168 4137 1295 4204 quoque
1320 4117 1453 4184 mortuis
1476 4117 1581 4184 eadem
1655 4119 1656 4128 ’

361 4225 427 4292 lieri
452 4232 573 4292 curant.
600 4265 641 4274 -
666 4227 781 4293 Deinde
806 4245 862 4292 occ
894 4225 962 4291 illos
997 4227 1092 4292 luisse
1124 4226 1238 4292 otiosos
1271 4234 1406 4302 ventres,
1436 4235 1468 4292 at
1498 4223 1579 4293 omni
1655 4255 1656 4272 κ

362 4333 424 4397 rita
447 4339 477 4398 et
500 4331 725 4418 frugalissimos
749 4341 779 4398 et
797 4333 1069 4418 negotiosissiruos
1087 4333 1224 4399 literaria
1240 4349 1351 4398 eorum
1382 4339 1581 4400 monumenta

361 4439 508 4506 universo
532 4447 690 4506 terrarum
715 4439 783 4506 orni
808 4457 901 4526 quam
929 4440 1169 4526 locupletissime
1193 4447 1418 4519 contestantur,
1434 4437 1582 4527 quemad-
