3364 5092
355 321 417 386 lita
667 335 863 386 consorano
884 337 1117 386 uuruenanrsur
1139 335 1258 384 uxxrcr.

352 461 412 528 tria
435 460 536 546 capita
552 461 760 540 reducuntur,
776 461 932 528 consistat.
950 461 1096 528 Ceterum
1112 467 1268 547 quatenus
1284 459 1455 528 iustihcent
1472 477 1592 546 opera,

351 567 412 636 suh
434 566 568 634 articulo
591 567 736 651 proxime
752 567 894 652 sequenti
913 570 925 608 ¹
947 566 1143 636 discutietur.
1168 565 1293 634 iuterim
1311 565 1348 632 ad
1366 582 1403 632 ea
1425 583 1510 651 quae
1537 583 1590 633 se-

351 680 496 759 quuntur
520 671 571 742 hic
594 691 774 760 pergamus.
1199 657 1203 664 ’

441 778 506 846 Suh
529 779 606 846 haec
629 779 758 858 additis;
788 805 804 838 r
820 780 966 848 Deiectus
981 781 1054 848 item
1078 780 1221 847 ciborum
1237 787 1269 846 et
1293 777 1427 846 vestium
1451 779 1589 848 minime

351 887 592 966 contemnimus
616 886 733 973 quihus
755 904 797 954 ex
813 886 989 955 Christiana
1012 887 1155 954 libertate
1170 894 1202 954 et
1221 887 1300 954 citra
1315 887 1588 958 conscientiarum

352 993 563 1066 carnificinam
589 993 709 1060 utimur
725 1019 756 1058 ».
781 993 869 1060 Nunc
884 992 1012 1060 demum
1035 992 1077 1076 (ni
1095 999 1199 1060 tamen
1215 1010 1284 1060 mea
1300 1011 1350 1060 me
1366 993 1446 1060 lallit
1460 993 1587 1078 opinio)

351 1099 525 1185 intelligere
549 1099 624 1166 mihi
651 1099 767 1178 videor,
790 1107 948 1186 quahuus
974 1106 1080 1166 restra
1101 1098 1227 1184 quidem
1258 1100 1413 1166 sententia
1437 1117 1496 1166 uos
1526 1099 1586 1165 oh

352 1206 507 1291 stringant
522 1205 679 1273 humanae
703 1205 940 1273 constitutiones
954 1211 1049 1291 atque
1072 1204 1313 1272 consuetudines
1335 1205 1374 1272 de
1391 1204 1527 1284 ieiuniis,
1545 1203 1587 1272 de

351 1313 474 1380 delectu
498 1311 654 1391 ciborum,
678 1311 716 1379 de
739 1311 926 1379 discretione
949 1312 1094 1390 vestium,
1117 1319 1149 1378 et
1177 1309 1216 1378 de
1239 1311 1427 1396 quibusdam
1454 1311 1584 1378 tandem

351 1419 420 1486 aliis
442 1425 497 1486 aut
521 1417 663 1485 moribus
687 1426 743 1485 aut
758 1418 954 1496 ceremoniis,
969 1417 1119 1484 nimirum
1142 1435 1204 1484 uon
1217 1417 1347 1502 quidem
1373 1417 1403 1484 io
1420 1417 1491 1484 iuro
1506 1435 1585 1484 con·

352 1524 509 1603 scientiae,
534 1523 565 1590 id
587 1533 635 1590 est
657 1525 780 1592 occulto
804 1525 857 1592 liei
876 1524 1000 1602 iudicio,
1023 1523 1073 1590 cui
1097 1523 1153 1590 soli
1180 1524 1341 1590 hominum
1370 1524 1585 1591 conscientiae

184 1645 264 1700 turc
273 1644 334 1696 itt
353 1637 460 1716 patent
482 1627 594 1714 (homo
617 1631 704 1698 enim
720 1631 806 1698 videt
828 1639 913 1719 proce
932 1639 1057 1718 potent,
1073 1631 1159 1696 Deus
1182 1638 1293 1696 euhoe
1317 1630 1467 1696 intuetu-r
1491 1631 1582 1714 cor),

353 1753 464 1804 verum
488 1737 518 1803 in
542 1736 611 1804 loro
634 1744 756 1804 tantum
780 1737 943 1816 exteriori,
967 1738 1026 1803 hoe
1050 1744 1097 1803 est
1120 1735 1245 1822 publico
1270 1736 1437 1803 hominum
1472 1736 1583 1802 conri-

353 1851 417 1922 ctu,
433 1842 618 1922 itascilicet,
635 1850 671 1911 ut
688 1843 786 1910 lihere
808 1842 935 1929 quidem
959 1842 1133 1928 transgredi
1159 1843 1248 1912 liceat
1263 1859 1317 1909 eas
1335 1841 1493 1927 privatim
1500 1843 1584 1908 citra

353 1949 559 2016 conscientiae
582 1951 783 2030 anxietatem,
807 1957 838 2016 et
861 1949 965 2030 (sicuti
984 1967 1038 2016 ros
1056 1949 1230 2035 loquimini)
1254 1948 1477 2027 carnificinam,
1494 1945 1582 2034 quod

354 2061 420 2122 tum
446 2055 580 2122 scandali
606 2055 781 2141 periculum
805 2055 896 2135 absit,
920 2062 952 2122 at
980 2073 1177 2142 nequaquam
1210 2055 1335 2142 puhlice
1360 2063 1488 2140 propter
1523 2055 1582 2120 im·

352 2161 474 2228 minens
497 2160 604 2227 fratris
628 2160 692 2228 sive
716 2162 851 2247 proximi
884 2161 1116 2228 offendiculum.
1142 2162 1339 2228 Praeclarum
1365 2161 1470 2228 hercle
1494 2178 1583 2226 com-

354 2276 494 2335 mentum
518 2275 549 2334 et
574 2268 738 2336 haereticis
761 2268 902 2353 dignum,
926 2269 970 2335 sic
993 2268 1135 2353 ampiecti
1162 2268 1316 2335 humanas
1339 2267 1582 2334 constitutiones

352 2375 529 2460 propatulo,
554 2392 593 2442 ne
624 2374 701 2442 nihil
733 2375 778 2442 eis
802 2374 961 2442 tribuatur
985 2373 1073 2441 nec*
1105 2374 1194 2459 plane
1225 2373 1391 2441 uideantur
1421 2373 1580 2439 contemni

352 2480 504 2548 adversos
535 2481 739 2548 clarissimam
771 2481 947 2566 scripturae
970 2482 1083 2557 lucem,
1106 2487 1201 2566 atque
1232 2480 1358 2547 interim
1392 2486 1494 2546 tamen
1527 2497 1582 2546 eas

353 2587 450 2653 lihere
474 2588 601 2654 semotis
623 2588 752 2654 arbitris
776 2589 962 2673 transgredi,
987 2595 1021 2653 nt
1046 2587 1075 2652 in
1107 2587 1229 2654 occulto
1253 2587 1344 2653 liceat
1367 2585 1518 2672 quicquid
1545 2586 1580 2652 li-

352 2692 434 2773 beat,
451 2693 545 2778 idque
563 2700 729 2778 praetextu
746 2701 777 2760 et
793 2694 864 2760 luco
879 2693 1072 2760 Christianae
1089 2692 1248 2760 libertatis.
1263 2691 1482 2759 Animaduerto
1500 2691 1581 2758 nihil

352 2817 433 2884 opus
456 2818 534 2879 csse,
557 2807 594 2866 ut
616 2800 759 2868 adductis
782 2800 1012 2885 scripturarum
1038 2799 1232 2878 testimoniis
1255 2816 1336 2884 quae
1358 2807 1459 2865 tamen
1485 2799 1581 2884 paulo

352 2913 424 2972 ante
447 2923 546 2991 pauca
561 2906 600 2972 de
616 2907 723 2974 multis
739 2907 770 2974 in
788 2914 972 2973 transcursu
994 2906 1120 2990 protuli,
1135 2905 1273 2984 doceam,
1292 2922 1350 2972 nos
1367 2904 1430 2987 (66)
1446 2905 1579 2991 astringi

353 3011 500 3077 humanis
524 3011 644 3096 legibus
667 3013 776 3097 aequis
793 3011 947 3078 maiorum
972 3017 1163 3090 nostrorum,
1186 3010 1216 3076 id
1241 3010 1325 3096 quod
1345 3009 1386 3076 0h
1401 3010 1580 3094 scripturae

353 3118 454 3184 lucem
479 3117 682 3184 clarissimam
709 3118 765 3203 ipsi
790 3117 875 3186 ultro
898 3117 994 3196 datis;
1011 3124 1043 3183 at
1066 3117 1095 3183 id
1120 3116 1210 3183 modo
1231 3123 1351 3184 restare
1370 3115 1580 3201 probandum,

352 3222 444 3290 etiam
470 3223 500 3289 in
524 3223 592 3290 loro
616 3224 822 3290 conscientiae
839 3225 992 3290 humanas
1008 3224 1091 3308 leges
1106 3241 1174 3290 eam
1192 3223 1253 3290 rim
1279 3222 1407 3289 hahere.
1433 3223 1580 3289 Fatemur

353 3328 449 3414 igitur
472 3329 694 3396 oliendiculum
717 3330 832 3396 infirmi
858 3329 964 3396 fratris
989 3330 1125 3396 maxime
1148 3329 1274 3415 quidem
1301 3329 1399 3396 verho
1423 3327 1476 3395 Dei
1504 3329 1579 3395 reti-

354 3442 419 3502 turn
444 3455 521 3504 esse.
547 3437 582 3502 lt
606 3436 658 3503 uhi
685 3436 808 3503 taudem
832 3443 972 3503 vestrum
1000 3435 1083 3503 istud
1107 3443 1318 3503 commentum
1342 3434 1456 3502 divinis
1482 3435 1581 3502 literis

352 3559 539 3627 expressum
570 3551 627 3620 est,
662 3543 812 3610 hactenus
844 3550 965 3610 tautum
998 3560 1054 3609 nos
1085 3542 1231 3609 humanis
1263 3541 1415 3627 ohstringi
1448 3541 1580 3627 legibus,

352 3656 508 3734 quotenus
532 3649 659 3716 timetur
677 3649 791 3716 infirmi
816 3649 923 3716 fratris
938 3649 1185 3716 offendiculum?
1207 3649 1271 3714 Cur
1296 3666 1358 3714 non
1384 3647 1514 3714 adfertis
1533 3649 1580 3716 rel

352 3771 452 3821 unum
477 3754 652 3839 scripturae
676 3755 790 3832 locum,
813 3756 868 3840 qui
901 3763 963 3822 tam
987 3755 1080 3822 anxie
1111 3760 1142 3821 et
1173 3754 1436 3839 superstitiosos
1466 3749 1581 3822 ceteris

203 3877 279 3925 nou
295 3872 328 3926 ιε
353 3859 471 3945 ultique
494 3861 683 3946 scripturam
708 3861 852 3946 exigitis?
877 3861 1020 3946 Legimus
1044 3861 1162 3946 ultique
1185 3860 1368 3945 simpliciter
1392 3858 1579 3926 audiendam

181 3987 234 4032 ιιι.
246 3935 283 4036 ¹1⁷0'
300 3987 334 4030 ιι
353 3965 530 4044 Ecclesiam,
554 3967 725 4034 audiendos
747 3985 893 4053 proceres
917 3967 1156 4047 Ecclesiasticos,
1180 3966 1390 4036 obediendum
1420 3965 1580 4052 potestati

182 4041 248 4138 ild.
259 4041 293 4148 ii,
302 4043 335 4141 0⁵⁷¹
353 4072 423 4152 hus
447 4072 653 4140 obediendum
680 4074 873 4160 praepositis,
897 4083 928 4140 et
951 4073 982 4140 id
1012 4091 1112 4158 genus
1134 4073 1204 4152 alia,
1228 4073 1281 4140 sed
1307 4090 1464 4158 nusquam
1496 4071 1579 4139 istud

351 4180 506 4264 glossema
530 4187 668 4247 vestrum
693 4180 880 4248 adiectunr'
873 4181 1059 4247 invenimus.
1083 4181 1164 4265 Quin
1190 4179 1328 4266 potiuse
1352 4179 1512 4246 contrario
1536 4178 1581 4246 le-

416 4312 426 4332 '
443 4311 532 4369 legitur
552 4313 599 4358 «et
610 4330 634 4360 ›.

354 4433 618 4443 ——a

424 4519 432 4550 ¹
452 4523 507 4574 hrt.
525 4522 549 4574 3.
570 4521 634 4574 inire
657 4521 704 4573 tdtt
725 4535 766 4588 sq.
785 4527 810 4572 ct
829 4519 882 4572 hrt.
902 4518 927 4572 l.
948 4519 1011 4572 inire
1033 4521 1083 4574 llll
1103 4533 1143 4588 sq.
