3364 5092
518 347 646 395 renrrus
669 345 874 395 coucunssus.
1000 359 1006 370 ·
1245 327 1305 391 llll

111 473 163 540 deri
185 481 280 560 posset
303 470 370 557 (83)
397 471 550 540 adversus
572 489 679 557 opera,
703 489 759 556 per
782 469 1021 555 antipophoram
1045 485 1228 546 occurrens,
1252 467 1305 534 ubi

109 580 241 648 docuisset
260 598 317 666 per
340 579 433 646 tidem
458 597 515 646 uos
538 579 656 665 absque
680 577 830 663 operibus
852 577 967 644 uostris
984 575 1242 662 praecedentibus
1258 575 1307 640 in-

109 687 224 766 stihcari,
238 686 275 753 ad
296 686 377 752 bona
401 703 457 752 nos
480 685 627 751 hortatur
650 701 756 769 opera,
780 681 1003 769 consequentia
1026 680 1169 748 videlicet
1191 699 1257 766 cap.
1276 683 1307 760 6,

108 793 173 878 quod
195 811 246 860 ros
269 793 320 860 hic
345 809 509 878 perperam
535 791 620 859 velut
653 791 692 858 de
728 789 986 877 praecedentibus
1016 788 1166 873 operibus
1188 787 1306 854 dictum

107 898 257 978 affirmatis,
280 907 312 965 et
335 917 402 984 cap.
427 899 457 965 8.
483 897 645 983 Quocirca,
670 897 727 964 nisi
752 897 832 963 lorte
856 902 979 964 sanctos
995 895 1047 962 Dei
1066 895 1218 972 homiues,
1236 912 1307 979 pro-

109 1005 208 1090 phetas,
230 1004 391 1091 Apostolos
413 1014 444 1072 et
468 1005 678 1090 Evangelistas
701 1004 783 1070 inter
806 1021 885 1081 sese,
909 1003 973 1068 imo
990 1001 1119 1068 Paulum
1139 1001 1185 1067 rel
1204 1001 1308 1086 potius

107 1111 208 1197 inipso
231 1112 284 1178 Dei
308 1111 454 1197 spiritum
481 1129 568 1178 mora
592 1117 697 1178 restro
732 1127 838 1177 secrrm
867 1127 1008 1196 pugnare
1037 1107 1181 1185 credatis,
1207 1106 1308 1174 velitis

103 1219 198 1298 nolitis,
222 1219 302 1285 hanc
337 1225 369 1285 et
402 1218 632 1286 iustificationis
665 1223 697 1284 et
729 1234 861 1302 operum
885 1215 1114 1283 distinctionem
1138 1213 1307 1282 admittatis

98 1332 215 1409 oportet,
239 1325 388 1392 nimirum
413 1342 454 1392 ex
478 1324 628 1410 operibns
650 1319 907 1392 antecedentibus
932 1341 992 1390 non
1016 1339 1084 1390 esse
1099 1319 1235 1410 primam
1260 1322 1307 1387 iu-

98 1431 296 1499 stificatiouem
322 1441 354 1499 et
377 1431 564 1512 inchoatam,
588 1447 670 1518 quae
693 1436 741 1498 est
764 1430 863 1516 ipsius
880 1429 1015 1497 iustitiae
1031 1449 1049 1496 a
1067 1429 1129 1496 Deo
1146 1447 1202 1514 per
1217 1428 1308 1496 Chri-

95 1545 170 1604 stum
191 1538 323 1617 inlusi0;
347 1546 379 1605 at
401 1534 568 1607 secundam
590 1546 622 1606 et
645 1545 903 1615 consummatam,
926 1554 1008 1623 quae
1031 1545 1078 1604 est
1103 1535 1261 1622 proiectus
1277 1542 1309 1602 et

98 1651 289 1728 augmentum
313 1644 463 1722 eiusdem,
489 1663 551 1711 una
575 1662 646 1712 cum
671 1645 773 1730 gratia
797 1643 849 1712 Dei
874 1663 915 1710 ex
938 1643 1089 1728 operibus
1106 1643 1220 1710 nostris
1236 1659 1308 1711 con·

93 1749 280 1838 sequentibus
303 1759 488 1837 essentque
512 1755 562 1835 (ut
592 1752 623 1817 in
658 1769 781 1818 summa
810 1750 960 1832 dixerim)
984 1768 1080 1836 opera
1116 1757 1222 1816 nostra
1246 1768 1306 1817 non

92 1874 232 1941 generare
255 1857 420 1937 iustitiam,
442 1877 506 1944 qna
530 1875 634 1924 coram
662 1857 715 1925 Dei
741 1857 812 1924 iusti
838 1857 1004 1934 habemur,
1028 1866 1060 1922 at
1086 1875 1146 1922 una
1162 1875 1234 1922 crun
1254 1857 1305 1924 Dei

92 1965 185 2048 gratia
208 1966 306 2051 ipsam
330 1983 457 2050 augere,
481 1982 700 2032 consummare
723 1982 759 2031 ac
784 1965 945 2049 perlicere.

173 2072 287 2139 Verum
311 2072 481 2150 enimuero,
505 2071 589 2158 quod
613 2071 795 2157 neutiquam
821 2071 851 2137 in
876 2071 935 2138 hoc
958 2078 1144 2157 argumento
1167 2077 1307 2156 practer-

90 2177 221 2244 eundum
245 2196 368 2257 censen,
392 2197 432 2246 ne
456 2179 522 2264 ipsa
544 2178 670 2264 quidem
694 2196 790 2264 opera
814 2178 895 2245 bona
926 2178 1058 2264 gratiam
1094 2177 1308 2245 antecedentia

90 2291 230 2372 tanquam
253 2285 292 2352 ad
317 2285 450 2352 nihilum
475 2285 564 2352 utilia
587 2285 779 2370 contemptui
803 2285 946 2352 habenda
969 2293 1043 2352 sunt
1066 2290 1098 2352 et
1113 2284 1305 2370 negligenda.

89 2391 160 2457 Nam
184 2391 265 2459 Deus
288 2393 427 2478 optimus
463 2392 632 2470 maxirnuS,
667 2392 758 2458 cuius
794 2392 1022 2458 ritheratrbnes
1056 2411 1158 2477 super·
1192 2392 1307 2458 onrrriu
1325 2401 1466 2498 lulag-tu.

86 2517 186 2582 opera
205 2499 289 2577 eius,
313 2496 576 2585 quemadmodum
600 2515 642 2566 err
665 2498 782 2566 iustitia
806 2516 864 2565 sua
887 2499 1009 2564 nullum
1033 2499 1064 2564 in
1089 2499 1165 2566 orbe
1189 2499 1306 2564 malum
1399 2486 1406 2500 ’

86 2605 263 2691 relinquit*
288 2605 489 2690 impunitum,
514 2605 556 2670 ita
581 2604 679 2672 multo
713 2606 812 2690 inagis
846 2624 888 2671 ex
912 2623 969 2672 sua
1002 2605 1214 2672 misericordia
1237 2605 1307 2672 nul-

87 2711 149 2778 lurn
172 2713 202 2778 in
227 2711 345 2780 mundo
368 2712 497 2790 bonum,
521 2729 559 2778 ne
582 2712 737 2797 poculum
761 2712 888 2798 quidem
917 2731 1025 2800 oquae
1051 2710 1200 2798 stupidae
1228 2713 1307 2778 irre·
1335 2721 1409 2818 dug-
1424 2722 1457 2774 ιο,

90 2826 287 2886 muneratum
313 2818 472 2904 relinquit.
496 2820 565 2904 Quo
590 2819 624 2885 nt
649 2825 683 2884 ut
706 2837 787 2905 qnae
812 2819 943 2886 iacimus
958 2836 1054 2904 opera
1071 2837 1200 2904 quoquo
1217 2819 1307 2885 morlo
1407 2807 1412 2818 '

88 2923 177 3004 bona,
200 2935 368 3012 antequam
393 2927 494 3010 gratia
518 2925 570 2992 Dei
596 2926 752 2992 instilicati
778 2943 899 3004 sumus,
924 2945 984 2992 non
1006 2925 1107 2992 solum
1126 2934 1307 2993 mercantur

84 3031 165 3116 apud
189 3033 290 3100 heum
313 3041 368 3098 ant
392 3032 535 3118 supplicii
573 3033 796 3118 mitigationem
821 3032 853 3098 in
877 3031 996 3110 lrrtrrra,
1020 3042 1076 3098 aut
1100 3034 1129 3098 in
1153 3033 1307 3118 praesenti

86 3139 147 3204 rita
169 3139 395 3224 temporarium
418 3139 543 3224 aliquod
568 3139 777 3216 commodum,
801 3139 854 3206 sed
878 3139 970 3205 etiarn
995 3157 1051 3205 nos
1075 3138 1112 3205 ad
1129 3139 1260 3224 gratiam
1278 3147 1309 3206 et

86 3243 231 3312 iustitiam
255 3245 422 3330 disponant
444 3253 539 3331 atque
565 3245 821 3331 praeparantia
842 3246 969 3324 sedicet,
987 3246 1031 3312 uti
1050 3265 1106 3313 nos
1122 3265 1182 3313 non
1198 3246 1308 3332 dignos

85 3351 209 3436 quidem
233 3370 281 3432 ea,
305 3351 359 3420 sed
381 3351 419 3418 ad
443 3371 511 3418 eam
548 3353 674 3419 idoneos
710 3351 851 3432 reddant,
874 3361 969 3438 atque
993 3361 1029 3419 ul
1064 3353 1147 3420 Deus
1181 3354 1307 3438 quidem

86 3473 151 3525 earn
174 3458 265 3526 nobis
289 3477 350 3526 non
375 3477 392 3526 e
416 3459 535 3526 institia
558 3477 615 3526 sua
638 3458 759 3538 debeat,
784 3459 838 3526 sed
862 3465 898 3525 ut
921 3459 959 3526 ad
983 3478 1051 3526 enm
1070 3461 1158 3526 nobis
1175 3460 1309 3546 largien-

85 3561 152 3632 dam
176 3583 194 3632 e
219 3565 409 3652 benignitate
432 3583 489 3632 sua
512 3565 747 3644 exstimulatur,
771 3565 847 3632 dum
872 3565 1048 3633 considerat
1073 3585 1128 3632 nos
1152 3585 1209 3652 pro
1226 3567 1307 3633 virili

86 3681 190 3739 nostra
213 3671 326 3752 lacere,
349 3671 433 3758 quod
459 3675 489 3738 in
514 3671 603 3739 nobis
626 3671 700 3738 sit¹.
725 3677 882 3758 Quorsum
907 3673 989 3739 euim
1015 3673 1091 3739 alias
1116 3675 1309 3758 [tertinercut

146 3803 156 3824 ⁰
173 3803 281 3862 reliquit.

155 4011 163 4042 ¹
186 4011 307 4064 Doctrina
327 4017 367 4064 cst
385 4011 519 4076 catholica,
538 4025 644 4064 omnem
663 4011 862 4076 dispositionem
881 4011 915 4062 ad
945 4012 1152 4064 iustificationum
1172 4027 1230 4064 esso
1249 4015 1309 4066 ello·

88 4105 155 4154 ctum
174 4100 281 4153 diuinae
301 4100 423 4154 motionis
442 4100 541 4166 gratiae
559 4100 676 4166 actualis,
697 4107 722 4152 et
741 4099 801 4152 ideo
824 4101 1035 4154 «iustillcutionis
1048 4101 1184 4154 ernrdinnr
1199 4102 1223 4153 in
1237 4101 1310 4153 adrul-

88 4187 143 4242 tisa
159 4191 206 4243 bet
225 4203 273 4256 per
290 4187 423 4244 Christum
443 4192 526 4244 lasum
546 4190 716 4256 proveniente
730 4190 810 4254 gratia
825 4191 983 4242 sumendum
996 4205 1054 4243 csse
1064 4211 1089 4243 ι.
1104 4191 1186 4254 (Τιιιι.
1201 4193 1269 4243 Sess.
1283 4193 1309 4244 6.

87 4289 141 4342 cap.
160 4281 186 4334 5.
203 4291 263 4332 can.
283 4279 328 4348 a).
348 4307 381 4318 -
400 4281 496 4333 auctor
516 4287 603 4332 noster
623 4279 665 4332 bic
683 4289 709 4332 et
728 4280 753 4331 in
773 4279 945 4346 sequentibus
972 4280 1076 4332 ridetur
1104 4281 1211 4348 quidem
1232 4281 1309 4332 nimis

88 4365 204 4423 addictus
222 4369 357 4423 doctrinae
376 4368 451 4424 Sonti
468 4369 502 4422 de
521 4369 609 4422 rulore
628 4368 807 4434 dispositionis
830 4369 953 4423 naturalis
977 4369 1010 4422 ad
1031 4369 1248 4422 iustillcatinnem.
1267 4371 1310 4422 At·

89 4461 171 4510 tamen
190 4459 412 4512 considerandum
431 4465 470 4511 est
489 4459 584 4524 ipsum,
603 4459 774 4526 quantumuis
793 4465 854 4524 agat
872 4459 906 4512 de
918 4457 1044 4523 operibus
1058 4457 1175 4526 prolium
1191 4459 1238 4524 (sc.
1250 4473 1310 4512 san·

90 4543 251 4614 uincentem)
279 4551 304 4601 et
329 4546 545 4618 laetificandum
567 4546 796 4616 praecedentibus,
817 4563 868 4600 non
897 4547 967 4614 loqui
997 4547 1030 4601 do
1058 4547 1185 4612 orreribos
1203 4561 1309 4602 omnem
