3364 5092
374 245 435 314 132
680 264 876 314 conrdrxrto
899 265 1131 314 turbunxrttstat
1154 264 1273 313 ululet.

369 397 515 457 constans
537 390 577 458 ab
600 390 688 457 initio
711 391 742 456 in
767 391 851 457 hunc
874 389 955 458 diem
980 407 1082 476 usque
1105 389 1143 457 de
1174 389 1241 475 ipso
1264 388 1380 468 credat,
1406 389 1616 474 profiteatur

369 504 401 564 et
424 497 543 576 doceat,
566 496 716 563 nimirum
741 497 830 563 utin
855 503 917 563 tam
940 495 1067 582 ancipiti
1099 502 1131 562 et
1161 496 1338 580 periculoso
1362 496 1504 562 themate
1532 495 1615 580 pius

369 603 467 670 lactor
491 602 614 682 babeat,
638 601 721 688 qnod
745 601 843 688 fugiat
866 601 990 688 quodve
1013 608 1166 688 sequatur
1190 602 1259 669 iter.

459 709 511 777 Est
526 709 621 796 igitur
646 709 762 794 triplex
786 709 817 775 in
840 707 1024 776 universum
1049 707 1087 776 de
1110 707 1233 774 arbitrii
1258 707 1356 775 nostri
1381 706 1533 775 libertate
1562 707 1614 773 in-

215 837 300 893 rupa
314 836 341 900 aq
370 821 417 883 ter
441 817 613 902 Theologos
635 815 814 901 disputatio,
839 833 951 901 nempe
970 815 1009 882 de
1033 815 1100 900 ipso
1123 833 1196 882 curn
1220 815 1321 900 gratia
1344 814 1459 882 Christi
1485 815 1615 881 collato

210 891 349 1008 fflffls
368 922 502 1008 gentina,
527 929 558 989 et
581 922 673 989 tertia
689 922 719 988 in
743 921 851 990 eodem
876 939 947 988 cum
964 920 1069 987 divina
1085 921 1282 1006 providentia
1305 930 1498 1007 comparato.
1524 921 1610 987 Nam

250 1002 309 1044 ‘¹⁸¹⁰'
368 1036 406 1096 ut
426 1029 609 1096 omittamus
638 1029 851 1096 llanichaeum
885 1034 917 1095 et
948 1027 1141 1096 lorinianum
1173 1026 1388 1115 pugnantibus
1419 1027 1555 1113 quidem
1592 1045 1611 1094 e

368 1136 520 1203 diametro
550 1135 721 1216 sententiis,
754 1141 855 1202 tanim
887 1153 929 1201 ex
960 1152 1061 1220 aequo
1094 1133 1227 1201 liberum
1260 1133 1396 1201 bominis
1426 1133 1607 1201 arbitrium

368 1261 500 1328 prorsus
522 1241 561 1309 de
594 1242 696 1308 medio
720 1241 873 1321 tollentes,
897 1259 1033 1328 quorum
1058 1241 1110 1308 ille
1133 1241 1293 1308 asserebat
1325 1260 1385 1307 non
1411 1258 1503 1327 posse
1540 1259 1607 1306 non

369 1366 498 1434 peccare
520 1349 690 1428 homiuem,
715 1349 765 1415 bic
790 1367 864 1415 vero
888 1365 926 1415 ue
943 1365 1073 1433 peccare
1089 1345 1217 1434 quidem
1243 1365 1332 1433 posse
1356 1347 1452 1414 semel
1468 1354 1609 1432 accepta

368 1457 399 1523 in
424 1455 577 1541 baptismo
600 1456 668 1522 lesu
692 1455 805 1522 Christi
830 1455 948 1540 gratia:
975 1493 1017 1504 -

457 1559 565 1631 Prinm
587 1562 756 1647 disputatio
780 1569 826 1629 est
857 1557 1022 1631 delibero
1055 1557 1191 1630 arbitrio
1214 1557 1271 1630 sub
1300 1559 1426 1650 peccato
1456 1559 1490 1630 at
1519 1559 1607 1629 anto

225 1691 337 1758 naman
368 1665 520 1756 gretiam
547 1667 597 1734 llic
621 1667 761 1754 Pelagius
786 1667 860 1733 olim
884 1667 1121 1735 haeresiarches
1146 1674 1267 1735 tantum
1285 1667 1384 1735 libero
1408 1667 1522 1734 tribuit
1550 1685 1605 1733 ar-

209 1745 348 1845 “libid
368 1775 472 1854 bitrio,
496 1785 532 1842 ut
554 1775 657 1860 ipsum
674 1783 784 1860 suapte
809 1776 837 1840 ri
856 1793 946 1861 posse
970 1775 1018 1842 vel
1035 1775 1128 1860 digne
1151 1775 1266 1843 mereri
1285 1773 1490 1862 praedicaret,
1508 1774 1605 1861 quic-

201 1853 350 1964 ιιῗῖῗὲιῖἕ.
369 1881 444 1969 quid
469 1882 585 1948 homini
609 1881 647 1948 ad
671 1882 804 1948 salutem
828 1889 909 1949 esset
933 1883 1154 1962 necessarium,
1180 1899 1291 1967 nempe
1314 1881 1447 1968 gratiam
1475 1889 1507 1948 et
1532 1882 1606 1967 glo

369 1989 466 2066 riam;
490 1989 621 2073 gratiam
646 2005 720 2055 vero
742 1995 773 2056 et
795 1988 950 2056 auxilium
969 1988 1021 2056 Dei
1046 1989 1205 2056 solum'in
1229 1988 1289 2055 hoc
1312 1987 1466 2068 conterre,
1483 1995 1520 2055 ut
1539 1989 1604 2055 hoc

368 2083 470 2180 ipsum
495 2095 587 2162 saciat
608 2095 795 2180 expeditius.
820 2097 856 2162 at
878 2102 987 2162 contra
1010 2095 1107 2162 nostri
1140 2081 1236 2163 seculi
1266 2095 1502 2163 haeresiarches
1537 2097 1603 2162 hu·

369 2202 480 2270 lberus
503 2220 612 2269 errore
635 2201 760 2288 quidem
779 2201 868 2287 plane
891 2201 1059 2280 contrario,
1077 2201 1129 2269 scd
1147 2202 1231 2270 haud
1248 2202 1312 2270 scio
1335 2219 1374 2269 an
1399 2201 1505 2268 minus
1523 2220 1599 2287 per-

368 2309 494 2387 nicioso,
520 2317 640 2376 lantum
659 2327 716 2395 pro
740 2309 799 2376 boc
815 2315 898 2375 statu
922 2309 1021 2375 eidem
1036 2308 1177 2394 derogat,
1195 2316 1230 2376 ut
1250 2309 1385 2376 affirmet
1403 2309 1507 2394 ipsum
1534 2327 1600 2374 non

369 2433 458 2500 posse
482 2414 539 2481 nisi
565 2432 704 2500 peccare,
727 2414 847 2481 etiamsi
871 2415 1024 2500 optimum
1050 2414 1135 2500 quod
1167 2414 1197 2480 in
1222 2433 1255 2482 se
1279 2423 1326 2481 est
1349 2414 1449 2481 laciat.
1475 2414 1601 2482 Verum

369 2521 503 2590 Ecclesia
534 2521 686 2588 catholica
717 2521 926 2588 moderamine
954 2539 1078 2606 semper
1110 2521 1141 2587 in
1172 2520 1318 2588 omnibns
1350 2527 1476 2588 servato
1504 2521 1597 2608 quasi

367 2629 499 2696 mediam
530 2629 611 2695 inter
635 2628 692 2694 hos
715 2645 860 2694 errorum
884 2627 1029 2713 scopulos
1053 2628 1134 2694 viam
1161 2635 1269 2695 secuta
1292 2627 1402 2707 credit,
1426 2628 1600 2713 profitetur

367 2755 403 2803 ac
426 2736 526 2814 docet,
551 2734 685 2801 liberum
710 2734 845 2802 bominis
875 2734 1042 2802 arbitrium
1076 2753 1134 2820 pro
1158 2735 1218 2802 boc
1241 2741 1323 2802 statu
1358 2735 1435 2801 nibil
1466 2735 1598 2820 quidem

368 2850 495 2909 aeterna
518 2842 580 2907 vita
602 2841 730 2927 dignum
747 2842 869 2927 operari
889 2859 987 2926 posse,
1004 2849 1141 2908 attamen
1160 2842 1279 2908 interea
1302 2858 1398 2926 opera
1414 2837 1482 2924 (tr)
1499 2859 1599 2927 quae-

367 2949 438 3016 dam
463 2949 535 3014 talia
558 2947 670 3028 lacere,
703 2965 784 3034 quae
813 2967 873 3014 non
907 2947 999 3015 modo
1020 2967 1083 3015 non
1108 2949 1170 3015 sint
1193 2956 1329 3033 peccata,
1354 2966 1465 3015 verum
1490 2948 1598 3024 etiam,

368 3055 484 3142 quibus
507 3056 601 3122 bomo
624 3062 783 3122 mereatur
806 3054 889 3140 apud
915 3055 1012 3122 Derim
1036 3061 1091 3121 aut
1114 3056 1235 3122 aeterni
1259 3054 1404 3140 supplicii
1428 3054 1598 3122 alleviatio

367 3181 438 3230 nem
462 3169 517 3230 aut
540 3161 715 3230 evasionem
740 3161 919 3246 temporalis
949 3162 1125 3247 cuiuspiam
1151 3161 1347 3240 incommodi,
1373 3168 1428 3228 aut
1458 3161 1599 3248 denique

367 3269 504 3354 aliquam
531 3269 701 3353 praesentis
726 3269 805 3334 vitae
828 3267 1090 3347 commoditatem,
1117 3268 1212 3334 immo
1235 3249 1318 3335 sane¹
1332 3267 1450 3354 quibus
1471 3267 1512 3335 ad
1528 3286 1597 3354 gra·

368 3375 441 3441 tiam
465 3375 519 3442 Del
545 3394 578 3441 se
602 3375 697 3441 homo
720 3383 885 3460 praeparet
908 3383 1002 3459 atque
1025 3374 1181 3460 disponat,
1207 3393 1298 3461 quae,
1324 3375 1369 3441 uti
1394 3392 1491 3460 supra
1516 3393 1597 3461 quo-

368 3501 430 3568 que
453 3482 682 3561 admonuimus
707 3489 858 3549 vocantur
881 3501 900 3548 a
922 3481 1087 3567 theologis
1110 3500 1208 3566 opera
1231 3483 1392 3550 moraliter
1415 3482 1507 3549 bona.
1534 3483 1595 3550 lloo

367 3597 473 3656 autern
496 3590 539 3655 ila
561 3607 639 3666 esse,
662 3607 842 3674 quanquam
867 3588 914 3656 bis
938 3589 998 3655 iam
1023 3596 1054 3654 et
1077 3589 1138 3655 snb
1162 3589 1296 3656 articulo
1319 3597 1434 3674 quarto
1452 3589 1461 3626 ¹
1479 3598 1511 3657 et
1535 3590 1598 3657 sub

368 3696 427 3762 hoc
452 3696 518 3782 ipso
541 3695 673 3762 articulo
705 3695 810 3761 lectori
836 3696 887 3780 pio
918 3697 993 3762 satis
1016 3695 1060 3778 (ni
1085 3694 1189 3777 fallor)
1221 3713 1407 3782 persuasum
1436 3703 1493 3774 est,
1526 3705 1594 3764 tum

368 3802 451 3888 quod
476 3802 652 3869 contrarius
675 3803 804 3869 lutheri
826 3820 917 3869 error
933 3802 1089 3888 (Pelagius
1113 3802 1195 3869 enim
1222 3821 1293 3868 cum
1318 3803 1439 3870 haeresi
1457 3821 1516 3870 sua
1533 3803 1595 3870 iam

368 3909 489 3996 pridem
521 3908 662 3994 sepultus
692 3911 752 3991 est)
785 3909 1001 3994 peccatoribus
1033 3916 1080 3976 est
1105 3927 1163 3976 ceu
1187 3909 1342 3995 quoddam
1367 3909 1596 3994 desperationis

368 4016 565 4094 barathrum,
589 4017 632 4082 uti
656 4016 806 4095 diximus,
831 4016 965 4102 paucula
988 4015 1140 4101 quaedam
1170 4035 1231 4082 non
1265 4015 1382 4101 pigebit
1407 4017 1465 4086 iam
1500 4019 1596 4083 terlio

369 4123 511 4190 adiicere.
537 4123 612 4189 Nam
636 4141 716 4208 quae
740 4139 811 4207 spes
834 4122 988 4207 peccatori
1023 4121 1120 4190 luerit
1149 4123 1299 4190 redeundi
1328 4122 1367 4189 ad
1390 4123 1535 4209 gratiam,
1571 4123 1593 4191 si

368 4229 445 4296 nibil
477 4229 603 4294 omnino
635 4229 705 4295 boni
738 4230 840 4296 lacere
870 4235 989 4313 queat?
1020 4230 1171 4316 quicquid
1205 4231 1251 4296 rel
1287 4230 1443 4298 extremis
1472 4230 1594 4298 viribus

370 4373 633 4384 ——..——-—

441 4461 449 4492 ¹
470 4463 555 4526 Supra
576 4461 699 4514 tlh-tto.
723 4461 845 4514 lae-teo.
