3390 5096
358 315 423 380 202
674 331 882 382 courrrnrro·
893 333 1126 381 numennumen
1152 333 1269 381 nautor.

358 457 477 536 virum,
501 457 555 542 qui
579 456 619 524 de
640 457 728 525 coelo
749 456 920 536 descendit,
943 475 1005 524 non
1029 475 1140 524 carnes
1162 473 1328 543 agnornrn,
1352 457 1462 536 houm,
1483 459 1587 524 hirco

359 581 431 630 rnrn
454 563 655 650 aliorumque
678 563 913 631 immundorum
937 563 1130 642 animalium,
1153 572 1187 631 at
1208 581 1333 630 carnem
1349 572 1382 631 et
1401 567 1588 650 sanguinem

359 669 550 737 immaculati
574 670 645 756 agni
670 671 738 737 lesu
761 670 889 748 Christi,
905 669 1000 756 idque
1024 688 1086 737 non
1103 688 1161 756 per
1175 677 1278 738 certas
1294 677 1474 755 ternpornm
1495 671 1590 748 rices,

358 784 391 842 at
413 775 442 842 id
466 776 607 862 quotidie
631 785 762 862 possunt
784 784 841 843 aut
863 777 957 843 etiam
981 776 1085 844 lacere
1107 776 1239 844 dehent:
1263 776 1402 862 prolecto
1418 776 1443 843 si
1470 784 1592 863 tempo
1691 771 1692 798 *

359 883 444 950 caria
467 884 621 950 castitas*
644 882 752 950 dec-uit
773 882 853 960 illos,
877 901 981 950 nonne
1004 883 1063 949 hos
1087 890 1239 968 perpetua
1263 883 1332 950 lure
1353 883 1500 950 decebitt
1691 869 1692 894 ¹

449 989 492 1056 hd
514 995 706 1068 extremum,
730 1008 795 1075 qno
816 989 856 1056 ad
888 989 987 1074 tegern
1018 989 1137 1074 gratiae
1160 989 1294 1068 ueniam,
1318 1007 1421 1056 nonne
1443 989 1593 1057 Christus

190 1108 341 1209 tumm-
360 1112 458 1162 norae
482 1095 560 1180 legis
583 1095 784 1180 Evangelicae
807 1095 961 1173 conditor,
977 1095 1044 1180 ipse
1065 1095 1152 1180 virgo
1174 1094 1213 1161 de
1241 1095 1362 1180 uirgine
1387 1100 1481 1162 natus
1501 1103 1534 1162 et
1556 1096 1592 1161 in

283 1191 290 1206 '
359 1209 461 1268 morte
485 1201 638 1287 virginem
663 1209 795 1269 matrem
816 1201 971 1287 discipulo
995 1201 1106 1286 virgini
1131 1201 1362 1280 commendans,
1385 1201 1451 1286 ipse
1474 1219 1593 1268 consu-

360 1308 420 1374 luit
440 1306 609 1394 aliquando
632 1308 693 1375 snh
715 1308 937 1375 eunuchorum
954 1305 1047 1391 (173)
1063 1307 1211 1393 parabola
1227 1308 1448 1374 continentiam
1465 1315 1497 1374 et
1519 1327 1591 1375 cae·
1691 1341 1692 1346 ,

360 1414 517 1481 lihatumt
540 1417 577 1481 ht
599 1433 681 1500 quos
703 1433 720 1482 e
744 1421 809 1480 tota
834 1414 1036 1482 multitudine
1059 1414 1236 1481 Christiana
1259 1415 1358 1500 magis
1381 1433 1438 1499 par
1460 1421 1510 1481 est
1529 1415 1593 1480 hoc
1691 1463 1692 1478 ,

360 1521 448 1606 sequi
473 1520 649 1600 consilium,
673 1538 769 1607 quarn
793 1521 981 1600 sacerdotes,
1004 1529 1113 1607 utpote
1137 1521 1239 1587 lucem
1265 1521 1384 1599 mundi,
1408 1522 1503 1588 salem
1526 1529 1593 1588 ter-
1691 1575 1692 1588 ,

360 1644 415 1694 rae
438 1635 470 1694 et
492 1627 589 1695 totius
611 1627 757 1695 dominici
781 1628 887 1714 gregis
911 1635 1051 1712 pastores
1074 1636 1169 1714 atque
1192 1627 1299 1706 duces,
1323 1628 1361 1694 ad
1378 1645 1515 1712 quornm
1531 1645 1595 1694 ex·
1691 1617 1692 1620 ’

360 1733 498 1819 emplnrn
524 1733 660 1819 populus
683 1752 717 1802 se
751 1752 939 1819 componere
973 1734 1093 1801 debeat.
1126 1734 1187 1800 lam
1224 1751 1300 1800 reru
1330 1733 1487 1819 expendat
1511 1734 1592 1800 rnihi
1691 1773 1692 1780 κ

328 1837 333 1846 “
359 1840 492 1926 diligens
516 1841 623 1932 lector,
647 1841 837 1926 quibusnam
863 1841 1037 1908 rationibus
1061 1841 1166 1926 priore
1188 1839 1226 1906 ad
1250 1839 1429 1907 Corinthios
1457 1840 1595 1924 epistola

361 1947 486 2025 Paulus,
512 1947 666 2032 Evangelii
692 1947 778 2026 tuha,
803 1965 821 2014 a
844 1947 1044 2014 matrimonio
1074 1947 1253 2014 dissuadeat
1281 1953 1314 2013 et
1336 1947 1374 2013 ad
1398 1946 1592 2013 caelibatum

225 2101 230 2113 ·
289 2095 295 2110 ·
324 2096 330 2118 .
361 2053 568 2122 exhortetur:
600 2053 711 2131 Velim,
736 2053 849 2139 ihqnlt,
872 2072 931 2119 voe
954 2052 1077 2141 absque
1098 2053 1309 2120 solicitudine
1324 2072 1400 2118 esse.
1427 2053 1494 2148 Qui
1516 2072 1595 2120 cue-

264 2142 272 2154 ’
300 2149 306 2162 ’
361 2159 426 2226 leda
449 2166 505 2236 est,
529 2168 630 2227 corut
652 2179 692 2226 eu
715 2179 800 2248 quoe
822 2169 902 2226 eunt
924 2160 1063 2238 domini,
1088 2179 1152 2248 quo
1171 2159 1365 2246 placiturus
1379 2159 1423 2225 sit
1443 2157 1593 2226 domino.

361 2272 405 2332 At
428 2266 488 2354 qul
509 2266 606 2332 ducit
630 2285 781 2345 lacerem,
804 2266 954 2333 solicitus
977 2275 1023 2332 eet
1045 2267 1085 2333 de
1108 2264 1160 2332 hia
1175 2285 1260 2354 ptrue
1282 2275 1360 2331 sarm
1376 2264 1507 2353 mrcndl,
1524 2285 1596 2353 quo

359 2372 551 2459 placiturus
578 2373 623 2438 eit
652 2372 763 2438 uxori.
802 2373 919 2439 nicae
949 2381 1029 2438 sunt
1059 2370 1139 2439 hoec
1169 2373 1247 2452 duo,
1277 2371 1398 2438 mulier·
1429 2381 1459 2438 et
1482 2372 1595 2458 uirpo.

360 2480 509 2564 Innupta
533 2486 633 2545 curet
655 2497 696 2544 eu
717 2498 803 2567 quoe
825 2488 904 2544 eunt
927 2479 1066 2558 deretini,
1090 2488 1128 2544 ut
1150 2478 1195 2544 eit
1216 2489 1336 2546 cuncto
1353 2497 1428 2544 eum
1452 2495 1598 2564 corpore

361 2595 432 2652 tum
455 2585 589 2671 spiritu.
616 2585 741 2652 Contra
764 2605 850 2672 quae
872 2594 978 2671 nuptu
1002 2593 1059 2665 eet,
1083 2594 1248 2664 euruteu,
1264 2593 1443 2673 quaesunt
1458 2585 1595 2663 mucidi,

361 2691 521 2780 quomodo
542 2691 716 2777 placituro
738 2693 782 2758 eit
802 2693 886 2758 uiro.
904 2695 939 2758 tt
962 2710 1056 2777 quem
1082 2692 1181 2777 ntagls
1205 2691 1351 2758 convenit
1366 2709 1492 2768 curare,
1508 2709 1596 2776 quae

360 2797 476 2864 domini
501 2804 586 2876 sunt,
609 2806 641 2864 et
664 2816 796 2883 corpure
819 2805 850 2865 et
873 2799 987 2884 spiritu
1010 2815 1079 2865 esse
1103 2806 1257 2876 sanctum,
1280 2815 1375 2884 quarn
1397 2797 1596 2864 sacerdotem
1691 2877 1692 2880 Ἴ

362 2901 594 2989 Euangelicum,
620 2911 727 2988 utpote
750 2905 865 2972 Christi
891 2905 1046 2971 vicarium
1071 2905 1100 2971 in
1126 2904 1230 2982 terris
1255 2904 1336 2970 inter
1361 2903 1460 2970 Deum
1486 2911 1518 2972 et
1535 2904 1598 2970 ho-

361 3008 475 3075 minem
502 3009 703 3076 mediatorem
727 3016 758 3076 et
781 3010 870 3094 quasi
897 3017 1077 3078 terrestrem
1102 3009 1258 3096 quendam
1275 3009 1379 3076 deum.
1397 3009 1490 3094 Quid,
1506 3009 1596 3095 quod

361 3115 526 3199 Apostolus
549 3113 657 3180 eodem
693 3114 723 3180 in
760 3115 828 3181 loco
858 3115 948 3182 docet
971 3117 1130 3202 coniuges
1154 3125 1191 3182 ut
1225 3135 1265 3182 ex
1299 3133 1453 3182 consensu
1479 3123 1597 3182 rnutno
1691 3195 1692 3198 Ἴ

361 3220 529 3305 aliquando
552 3237 585 3286 se
608 3220 796 3300 contineant,
820 3240 885 3307 qrro
907 3223 1040 3289 orationi
1066 3229 1199 3289 vacent?
1215 3225 1257 3288 hn
1276 3241 1336 3289 non
1361 3239 1437 3306 ergo
1452 3239 1596 3307 aequum
1691 3223 1692 3238 ¹

361 3325 467 3404 fuerit,
491 3325 536 3392 uti
561 3326 738 3393 sacerdotes
763 3327 935 3413 Euangelici
961 3335 1113 3414 perpetuo
1144 3347 1212 3396 sese
1239 3328 1427 3405 contineant,
1451 3344 1595 3413 quorum

362 3431 491 3499 interest
517 3432 631 3518 largiter
655 3433 702 3499 vel
726 3451 818 3498 orare
851 3433 898 3500 uel
935 3433 1112 3500 sacrificare
1138 3435 1185 3501 vel
1217 3435 1278 3500 alio
1306 3432 1535 3519 quovismodo
1560 3433 1595 3500 in

363 3539 497 3606 Ecclesia
521 3537 699 3605 ministrare
714 3541 747 3604 ¹t
771 3539 865 3605 Nemo
890 3539 986 3624 igitur
1010 3539 1089 3606 hanc
1108 3540 1260 3606 Ecclesiae
1280 3539 1533 3607 constitutionem
1553 3539 1596 3606 de

424 3653 435 3674 ·
452 3651 569 3700 cherilus.

434 3805 442 3837 ¹
464 3806 548 3861 Erech.
568 3807 635 3859 lla:
650 3805 685 3873 (t.
699 3803 758 3858 Cor.
772 3805 797 3868 7,
817 3805 947 3870 thath...
965 3804 1098 3874 pironiodo
1114 3803 1223 3876 placent
1234 3804 1326 3859 uxori.
1341 3805 1403 3858 illud
1423 3818 1488 3857 vero
1502 3817 1598 3858 mune-

362 3895 398 3948 ris
416 3895 583 3962 (sacerdotls)
602 3895 736 3947 hominem
756 3894 836 3959 enlglt
853 3893 888 3947 oh
907 3894 979 3946 omni
998 3895 1104 3959 negotio
1123 3895 1244 3961 adeoque
1262 3909 1277 3946 a
1296 3907 1325 3946 re
1345 3893 1432 3947 uxoria
1453 3892 1598 3947 absolutis-

362 3983 470 4037 simum.
492 3983 557 4038 l'olo
576 3983 682 4052 linquit)
702 3995 749 4036 nos
767 3982 825 4036 siue
842 3981 1012 4038 solicitudine
1030 3995 1094 4037 esse.
1115 3985 1189 4050 Quae
1208 3981 1288 4035 recha
1309 3984 1334 4036 lu
1348 3997 1416 4050 qiros
1431 3983 1517 4048 magis
1529 3995 1598 4037 eon·

362 4073 580 4140 nonuunquam
599 4073 626 4126 ln
646 4085 692 4126 eos
710 4071 756 4138 qul
775 4077 904 4136 perpetuo
923 4072 996 4124 eluci
1016 4079 1110 4138 suopte
1128 4071 1263 4138 arbitratu,
1282 4080 1375 4137 arrupte
1393 4070 1598 4139 deliberatione,

362 4163 433 4214 nullo
451 4161 575 4226 adigente
594 4162 797 4214 consecrantur?
823 4161 877 4212 lana
905 4165 930 4212 et
958 4161 1020 4214 illud
1046 4159 1253 4223 observandum,
1280 4161 1354 4227 quod
1382 4161 1479 4214 Paulus
1504 4169 1599 4214 rnonet

363 4249 498 4318 comupee,
518 4258 546 4303 ut
564 4250 698 4317 aliquanto
717 4255 838 4313 ternpore
865 4247 900 4300 ah
925 4261 974 4302 usn
1003 4249 1133 4314 coniugali
1163 4248 1318 4316 obstineant,
1342 4261 1395 4318 pue
1423 4249 1598 4304 commodius

363 4337 485 4394 cuonone
503 4341 606 4393 uocem.
625 4337 703 4404 utqui
722 4336 873 4390 sacerdotes
891 4351 942 4390 non
962 4339 1052 4401 semel,
1081 4338 1127 4390 sed
1154 4341 1286 4407 perpetuo
1315 4338 1439 4392 convenit
1466 4337 1598 4393 altaribus

363 4441 421 4480 esse
439 4427 573 4481 addictos:
597 4429 725 4494 perpetuo
743 4426 852 4478 orationi
882 4425 1041 4480 vacandum.
1060 4427 1091 4479 ut
1111 4427 1190 4492 igitur
1218 4427 1318 4480 lucillus
1337 4428 1392 4480 Deo
1418 4427 1600 4494 adhaereant,

360 4519 492 4586 perpetuo
511 4515 634 4570 cutrreuit
652 4515 690 4567 eis
708 4529 723 4567 u
742 4528 771 4568 ne
790 4515 880 4568 uxoria
899 4514 1065 4568 abstinentia.
