3378 5082
595 333 777 382 esacrauo.
1256 313 1294 382 31

96 457 188 536 locuit,
210 456 426 524 sacerdotibus
449 475 491 524 ex
515 476 570 524 ore
593 457 775 543 populien
800 463 911 524 contra
933 456 1038 542 potins
1058 474 1076 524 e
1099 458 1297 525 sacerdotum

94 581 135 628 ore
154 564 262 650 populo
287 565 386 648 legem
422 565 476 632 llei
510 563 759 650 requirendam?
745 564 862 630 tNum
895 563 1040 630 Christus
1072 564 1299 649 praecepitei
1326 577 1449 676 dagal.
1415 577 1449 632 ιι.

93 669 194 736 brito
216 678 247 737 et
272 671 428 738 Pharisaei
453 669 594 738 indoctae
630 670 822 757 plebeculae,
844 689 883 736 an
920 669 1024 755 potius
1058 669 1239 749 ediverso,
1263 676 1299 737 ut

92 775 192 842 indocta
214 776 377 861 plebecula
401 776 518 844 Scribis
540 785 572 844 et
596 777 799 844 pharisaeis
793 797 822 842 m
847 776 997 844 cathedra
1012 776 1086 843 llosi
1108 776 1298 856 sedentibus,

92 881 182 959 idest,
205 881 303 968 legem
329 883 518 962 tenentibus
543 883 694 963 obediret,
718 902 782 969 quo
798 889 940 968 tempore
955 882 1053 964 dixit:
1075 883 1299 970 Qemcteoque

93 987 228 1053 imsem'nt
253 987 345 1055 vobis
368 1009 516 1068 seruere,
540 999 668 1056 seruate
703 997 731 1076 et
765 987 890 1074 facite?
913 990 994 1056 Num
1018 989 1164 1056 Christus
1188 989 1297 1068 voluit,

90 1103 117 1158 nt
135 1095 259 1179 lpostoli
289 1102 322 1162 et
350 1094 494 1180 discipuli
519 1096 567 1162 sui
594 1097 623 1161 iu
649 1095 773 1182 negotio
798 1096 981 1182 Euangeliou
1003 1096 1204 1182 popularium
1227 1113 1299 1163 sen-

89 1201 175 1266 tentiis
195 1201 472 1288 obtemperarent?
496 1205 538 1268 ln
563 1221 580 1270 e
604 1203 763 1270 contrario
787 1203 902 1288 potius,
926 1212 962 1270 ut
986 1203 1154 1288 populares
1171 1205 1298 1288 Aposto-

89 1307 174 1374 lorum
197 1308 492 1394 discipulorumque
516 1327 659 1389 suorum,
683 1327 763 1396 quos
786 1327 804 1376 e
829 1315 893 1375 tota
916 1307 1118 1375 multitudine
1134 1308 1296 1394 selegerat
1316 1323 1405 1422 ff·
1406 1323 1456 1430 ¹1⁰6,

86 1412 154 1478 dict)
173 1415 337 1481 audientes
360 1422 474 1493 essent,
498 1433 563 1500 quo
586 1417 654 1483 loco
676 1415 774 1482 dixit.
802 1415 869 1499 Qoi
890 1434 948 1482 voc
976 1415 1085 1494 (credit,
1111 1434 1161 1482 mc
1187 1415 1296 1495 ntulit,
1369 1430 1403 1474 ιι

86 1521 181 1608 etqui
201 1541 259 1587 uos
281 1522 421 1607 spernit,
446 1541 496 1588 me
517 1521 669 1608 spernit?
692 1523 772 1589 Num
796 1522 931 1608 denique
957 1523 1071 1589 Paulus
1093 1530 1125 1590 et
1141 1522 1297 1590 Barnabas
1320 1538 1368 1582 ιιι
1384 1536 1418 1590 ιι
1432 1536 1453 1580 ι

84 1633 111 1688 et
129 1626 247 1711 qnidam
273 1627 324 1692 alii
350 1627 594 1712 Hierosolymam
619 1627 822 1696 ascendentes
854 1628 883 1694 in
915 1628 1099 1713 quaestione
1123 1647 1219 1714 super
1242 1629 1298 1696 ob-

84 1732 244 1800 servatione
270 1733 415 1819 legalium
440 1735 690 1802 ceremoniarum
714 1734 752 1800 ad
777 1734 957 1802 universam
988 1733 1233 1814 multitudinem,
1257 1754 1297 1802 an

84 1839 169 1922 magis
189 1839 226 1904 ad
251 1839 413 1924 ‚lpostclos
443 1847 474 1906 et
510 1839 709 1924 presbyteros
741 1841 944 1908 retulerunt?
969 1843 1067 1926 litque
1105 1841 1188 1908 bunc
1223 1859 1298 1908 sane

84 1959 190 2011 morem
213 1965 254 2012 ex
281 1944 447 2013 traditione
472 1946 558 2031 legis,
574 1946 717 2012 doctrina
733 1947 888 2032 Evangelii
906 1954 937 2013 et
954 1947 1171 2032 apostolorum
1189 1965 1298 2014 exem-

85 2049 129 2131 plo
148 2060 308 2136 acceptum
332 2051 373 2118 ab
397 2051 549 2118 Ecclesiae
574 2052 773 2119 incunabulis
796 2051 833 2118 ad
864 2053 940 2118 baec
965 2059 1233 2138 usque-tempora
1249 2050 1296 2137 lb)

83 2171 193 2240 semper
215 2157 419 2224 obseruatum
444 2175 522 2236 esse,
547 2165 689 2224 veterum
714 2165 917 2225 monumenta
940 2176 1036 2244 quam
1054 2158 1297 2242 locupletissime

82 2269 295 2342 contestantur,
320 2263 469 2330 nimirum
506 2273 542 2330 ut
577 2264 607 2330 in
643 2264 746 2331 causis
780 2265 818 2330 ad
852 2264 1018 2331 Ecclesiam
1050 2265 1297 2352 religionemque

83 2367 299 2448 pertinentibus
321 2371 424 2437 omnis
446 2369 613 2449 iudicandi,
637 2369 823 2437 decernendi
847 2379 879 2437 et
901 2369 1109 2436 constituendi
1127 2371 1298 2439 auctoritas

83 2489 168 2554 penes
191 2474 420 2543 Ecclesiasticus
437 2495 583 2562 proceres
605 2477 687 2543 solos
710 2477 904 2555 exstiterit1,
927 2477 1004 2543 adeo
1027 2477 1120 2544 etiam
1147 2485 1182 2544 ut
1205 2478 1298 2564 impe·

82 2586 192 2648 ratores
213 2581 334 2667 aliquot
356 2583 536 2662 Christiani,
561 2583 693 2650 testibus
717 2583 777 2649 fide
800 2583 901 2669 dignis
926 2583 1075 2662 nistoriis,
1093 2591 1129 2650 ut
1147 2585 1297 2652 Constan-

82 2683 158 2750 lioos
179 2695 209 2753 et
231 2687 478 2768 laleutiniauus,
501 2698 534 2756 ut
552 2691 737 2769 llarcianuS,
759 2698 794 2757 ut
818 2689 974 2757 Basilius²
997 2690 1113 2776 aliique
1131 2690 1297 2776 principes,
1318 2705 1460 2761 ιιιιιιιιιιι

80 2791 127 2873 qui
151 2793 259 2877 priscis
279 2794 431 2862 Ecclesiae
447 2796 573 2880 synodis
590 2797 771 2875 interfuere
789 2798 836 2863 vel
853 2797 992 2863 oblatum
1009 2797 1157 2864 dicendae
1173 2805 1297 2864 senten-
1316 2763 1463 2857 ιἰῗῖῗιῗιῗέ.

83 2897 135 2964 liae
157 2899 257 2966 locoru
284 2909 476 2979 recusantes
492 2919 585 2970 omne
609 2903 759 2970 iudicium
778 2903 935 2988 Episcopis
957 2904 1089 2990 aliisque
1107 2903 1298 2988 primoribus
1319 2865 1460 2963 ‘effligi-

83 3001 292 3074 [eclesiasticis
314 3007 497 3087 detulerint,
526 3009 659 3093 ingenue
683 3009 877 3088 confitentes,
901 3029 1032 3077 suarum
1057 3028 1124 3077 esse
1148 3011 1297 3095 laertium,

82 3125 134 3176 non
158 3119 217 3179 lam
243 3113 397 3182 Ecclesiae
420 3113 546 3181 decreta
570 3114 795 3199 praescribere,
820 3135 914 3202 quam
940 3117 1132 3202 praescripta
1156 3117 1248 3183 trieri.
1327 3157 1456 3201 Lm„

160 3217 305 3286 Ceterom
331 3225 366 3285 ut
388 3219 500 3286 demus
523 3221 627 3300 etiam,
653 3221 792 3306 prolenis
814 3229 870 3289 aut
886 3222 1028 3289 indoctae
1045 3222 1143 3308 plebis
1159 3231 1215 3290 aut
1231 3241 1299 3290 sae-
1328 3209 1453 3308 sffi'ffi.

83 3323 188 3390 colaris
211 3325 360 3410 praetorii
385 3326 542 3412 sullragiis
579 3327 730 3395 Ecclesiae
764 3345 800 3395 ac
835 3328 905 3396 lidei
942 3329 1064 3414 negotia
1096 3330 1224 3415 transigi
1249 3331 1297 3397 vel
1338 3317 1437 3414 'lg'ffi'f'

145 3625 151 3655 ¹
171 3627 240 3682 uon.
261 3629 280 3680 L
300 3627 331 3678 5:
351 3627 482 3694 Ceterum,
502 3635 621 3682 nostrum
641 3630 769 3683 calculum
789 3645 841 3684 non
861 3631 1031 3698 adiungimus
1045 3632 1083 3696 iis,
1096 3631 1194 3700 quibus
1211 3634 1299 3686 Gallus

84 3723 152 3776 penes
169 3715 311 3786 quemlibet
327 3715 477 3772 credentem
497 3717 553 3772 vult
572 3731 628 3772 esse
643 3721 800 3787 potestatem
825 3718 993 3775 diiudicanda
1019 3719 1102 3775 berbi.
1130 3721 1300 3789 Quarrdoqni·

83 3797 134 3854 dem
153 3807 270 3870 popellus
289 3805 330 3860 ille
349 3807 418 3859 iners
437 3807 557 3874 adeoquo
576 3807 650 3860 rudis
669 3808 762 3872 existit,
788 3816 815 3862 ut
843 3809 885 3861 rix
911 3817 990 3876 quent
1010 3811 1051 3862 rol
1072 3810 1245 3876 pinguissima
1265 3811 1300 3864 iu·

85 3889 193 3956 tollique,
211 3895 308 3948 deinde
326 3895 399 3962 quod
418 3909 484 3949 oves
502 3897 562 3959 siut,
580 3897 701 3964 adeoque
719 3897 851 3962 dirigendi
864 3905 943 3964 atque
957 3913 1004 3963 per
1017 3899 1146 3964 legitimos
1166 3900 1298 3954 ministros

87 3983 187 4046 arcendi,
205 3999 239 4038 ne
257 3997 316 4036 seso
334 3985 395 4037 data
424 3999 504 4050 opero
524 3986 548 4037 iu
577 3987 665 4039 lauces
694 3988 827 4051 luporum,
846 4002 914 4054 quos
933 4001 963 4040 ex
985 3987 1113 4040 fructibus
1131 3988 1296 4056 dignoscent,

84 4069 147 4121 suu
164 4073 362 4137 praecipitent...
382 4073 445 4126 Nam
465 4074 486 4126 si
516 4075 582 4127 lldes
610 4074 759 4127 odlribeuda
789 4085 828 4128 est
847 4077 917 4128 Actis
943 4077 1106 4140 apostolicis,
1127 4091 1180 4130 troc
1199 4079 1297 4143 passim

84 4157 192 4214 «rooles
211 4159 343 4216 bedictum
361 4161 395 4214 de
414 4164 483 4215 omni
506 4161 597 4225 verbo,
616 4163 638 4215 si
657 4163 765 4230 (quondo
784 4171 983 4217 controversum
997 4171 1045 4228 ost,
1058 4166 1237 4232 committitur,
1250 4166 1298 4219 sed

83 4243 235 4306 prirnoribus
255 4251 321 4314 (bct.
345 4251 384 4318 ts,
404 4253 441 4317 6).

144 4335 364 4394 ’Ccnebrntc'mm
383 4339 521 4406 (312·337)
542 4341 568 4393 iu
587 4341 698 4394 concilio
726 4342 838 4394 Nicuono
868 4341 957 4408 {325);
981 4341 1139 4396 dilucidans
1160 4341 1296 4410 (iso-tsi)

88 4417 107 4468 ἰιι
122 4425 225 4480 concilio
244 4427 450 4482 chalcedonensi
471 4429 560 4497 (itt),
579 4429 698 4484 Basilius
718 4430 854 4498 (abacto)
881 4431 907 4482 iu
925 4430 1035 4484 concilio
1064 4430 1298 4496 Constantinopoli·

88 4513 136 4564 bno
152 4523 244 4581 quarto
265 4516 351 4584 (869).
