3378 5082
534 337 646 387 narnus
668 335 874 387 conoeussus
1273 317 1314 385 39

87 465 296 550 impellimur.
320 464 398 550 Quis
421 463 544 532 crodit?
567 463 620 530 ribi
645 463 756 549 signat
781 461 920 549 prodigia
949 470 981 531 et
1003 461 1166 541 miracula,
1189 462 1315 548 quibus,

86 579 123 638 ut
147 573 226 638 olim
253 572 427 657 prophetae
449 578 481 638 et
503 570 650 655 Apostoli,
675 570 772 638 liuius
796 570 839 637 rei
865 569 957 637 sidem
982 568 1099 636 mundo
1121 569 1293 636 astruatis?

181 679 313 758 lterum,
337 686 373 745 ut
397 679 474 745 haee
497 678 623 746 interim
646 696 666 744 a
689 677 778 744 robis
799 676 892 744 etiam
916 695 978 743 non
1001 676 1176 762 exigamus,
1194 675 1314 742 tametsi

87 785 252 852 difficilius
275 785 436 872 negotium
461 785 569 871 agatis,
593 793 625 851 ct
648 785 748 852 multo
781 783 904 863 darius,
928 801 1023 870 quam
1047 783 1120 860 alim
1145 783 1316 868 prophetae

88 901 120 958 et
144 892 300 978 ‚lpostoli;
327 892 465 978 primum
490 892 582 977 agite,
606 891 834 958 constituamus
856 889 897 956 on
919 890 1027 956 oculos
1042 898 1073 956 et
1088 888 1252 974 diligenter
1269 889 1315 955 in·
1350 899 1380 943 l:
1394 899 1462 945 mbr·

1344 953 1462 1010 scriptum

90 1006 241 1066 tueamur
270 1016 345 1066 enm
380 998 461 1066 beati
497 999 595 1066 lacobi
622 998 737 1077 lomim,
769 998 824 1084 qui
859 997 1015 1083 duplicem
1051 996 1232 1082 sapientiam
1252 1013 1315 1064 vaea
1341 1007 1472 1105 prmum

90 1105 237 1192 penicillo
259 1104 409 1191 depingit,
433 1105 524 1173 cuius
554 1104 652 1172 rerba
685 1123 746 1172 non
771 1104 888 1190 pigebit
922 1105 969 1171 vel
993 1103 1087 1170 altius
1110 1104 1203 1188 paulo
1226 1121 1315 1188 repe
1333 1112 1475 1223 ggrgffl

91 1220 170 1290 tere,
201 1218 322 1298 utpote,
354 1230 423 1280 mea
453 1211 579 1298 qnidam
610 1212 766 1298 opinione,
798 1211 847 1278 vel
870 1211 934 1277 snla
962 1211 1145 1296 incorrupto
1176 1209 1315 1277 lectori*
1359 1219 1448 1276 tentet

89 1319 216 1386 abunde
238 1319 443 1400 ostendentia,
467 1338 543 1385 num
571 1328 675 1386 restra
696 1318 837 1386 doctrina
861 1318 901 1384 sit
923 1336 942 1384 a
965 1318 1028 1385 Deo
1045 1325 1132 1403 patre
1149 1317 1315 1396 luminum,

89 1445 129 1491 an
154 1445 174 1491 a
198 1425 340 1510 principe
365 1426 566 1492 tenebrarum
590 1425 723 1492 diabolo.
747 1425 796 1490 Sic
820 1425 902 1492 enim
937 1425 997 1491 ait:
1024 1425 1106 1508 Qair
1131 1424 1266 1508 rapiens
1287 1431 1316 1490 et
1365 1432 1444 1530 ¹533.

89 1533 232 1598 acierrtr'a
252 1533 430 1618 praeditas
454 1533 539 1598 inter·
561 1531 643 1598 aas?
666 1533 815 1598 ostendat
839 1531 925 1598 dona
947 1531 1193 1598 conversatione
1214 1549 1317 1616 opera
1433 1518 1439 1530 ’

89 1657 157 1704 aaa
180 1657 257 1704 eum
282 1639 537 1705 mansuetudine
557 1638 750 1724 sapientiae.
777 1638 871 1720 and
893 1637 925 1703 ci
946 1637 1197 1703 nanctoacum
1221 1655 1317 1703 ama·

93 1765 171 1811 ram
195 1743 324 1812 luteris
346 1752 377 1810 et
405 1745 638 1812 cantmtimaem
671 1745 707 1810 in
741 1745 838 1812 corde
860 1753 979 1823 vestro,
1003 1743 1099 1811 nolite
1119 1743 1267 1832 ylariani
1288 1753 1318 1810 et

92 1852 266 1917 menduces
288 1870 356 1918 erae
379 1853 542 1918 adversus
565 1852 745 1919 veritatem.
770 1850 844 1918 Non
866 1861 913 1918 eat
936 1851 1023 1917 enim
1039 1852 1106 1916 ista
1120 1851 1318 1936 sapientiae

90 1956 249 2044 mpermia
273 1957 469 2025 descendens
491 1978 514 2025 o
535 1966 633 2044 putre
655 1959 833 2035 laminam,
857 1959 914 2024 ced
938 1967 1082 2036 terrena,
1107 1956 1266 2024 animalis
1288 1965 1318 2024 et

93 2065 338 2144 damnoniaca;
360 2065 420 2131 adi
440 2065 527 2132 enim
551 2065 732 2132 ameriam>
754 2074 785 2130 et
818 2065 988 2143 contentio,
1013 2063 1060 2129 ilii
1093 2064 1318 2132 inanimantia

93 2181 122 2238 et
144 2191 241 2238 oniam
264 2191 348 2258 opor
381 2191 538 2258 pravam.
572 2175 664 2256 Quae
698 2180 809 2238 numm
843 2191 860 2238 e
893 2171 1049 2256 superaris
1071 2179 1117 2236 ost
1139 2170 1316 2256 rapientia,

91 2280 241 2365 primum
266 2279 398 2367 quidem
422 2287 516 2345 carta
539 2289 597 2357 eat,
620 2279 736 2346 danda
755 2277 912 2364 pacifica,
938 2278 1094 2356 modesta,
1119 2276 1316 2356 tractabilia,

96 2385 190 2452 bonis
212 2385 429 2464 consentiens,
450 2385 549 2472 plena
572 2386 804 2452 misericordia
827 2395 855 2450 et
877 2383 1046 2472 fractiores
1069 2383 1172 2460 tono,
1196 2383 1318 2472 absque

95 2491 350 2570 diiudicctiane,
373 2491 445 2558 cirre
465 2491 688 2570 dmiratione,
711 2489 846 2578 fractos
876 2499 986 2556 uatem
1009 2490 1156 2556 iustitiae
1179 2491 1214 2556 ia
1234 2509 1317 2576 pace

93 2599 285 2665 cominatur
306 2595 507 2684 [amantibus
526 2617 653 2685 paoem.
677 2599 756 2666 llaec
780 2598 840 2664 ille.
867 2635 907 2646 -
932 2597 1048 2665 Deinde
1071 2597 1261 2664 consimilem
1278 2597 1316 2663 ad

96 2704 227 2772 modum
251 2723 289 2771 ea
311 2705 374 2771 diri
400 2705 482 2772 Pauli
502 2705 598 2772 rerba
612 2704 838 2790 expendamus,
854 2704 970 2790 uiribus
987 2705 1091 2771 itidem
1117 2722 1157 2772 er
1174 2704 1316 2783 adverso,
1332 2709 1486 2808 ww

95 2812 169 2879 lrinc
192 2811 257 2879 reri
281 2817 313 2878 et
336 2811 497 2896 Apostolici
523 2811 755 2896 praedicatoris,
773 2811 842 2878 inde
859 2811 1188 2896 pseudoapostolorum
1213 2828 1316 2877 mores
1340 2815 1478 2872 tiendo

1361 2869 1455 2914 moribus

93 2937 156 2985 non
181 2917 286 2984 minus
309 2917 457 3003 graphica
479 2917 624 2997 delineat,
647 2935 665 2984 e
687 2918 804 3004 qrribus
828 2936 888 2984 non
922 2917 1025 2984 minus
1047 2917 1237 3002 deprehendi
1261 2935 1316 3002 po
1336 2922 1486 3021 lgm*-

94 3025 179 3103 terit,
205 3025 257 3090 [lei
280 3043 320 3090 an
356 3025 486 3091 Satanae
519 3024 702 3110 angelised
737 3024 837 3089 nuntii
866 3031 897 3091 et
921 3024 1054 3090 ministri
1079 3024 1155 3090 sitis.
1180 3024 1253 3090 Nam
1278 3023 1316 3090 de
1343 3027 1477 3128 ruffine

93 3131 232 3216 legitimo
254 3131 341 3198 vorbi
369 3131 420 3198 [lei
452 3131 595 3222 ministra
630 3131 778 3218 loquens:
806 3131 914 3198 Porro
950 3131 1077 3216 (inquit)
1101 3149 1234 3196 seruam
1260 3130 1319 3196 net
1343 3135 1468 3234 ¹423&

95 3257 163 3302 non
186 3246 311 3322 oportet
333 3235 478 3324 litipare,
500 3238 558 3304 aed
581 3234 651 3320 (12)
671 3237 844 3323 placidam
875 3257 943 3304 erse
972 3257 1052 3323 erpa
1088 3255 1209 3315 omncs,
1238 3256 1318 3322 pro-

91 3361 236 3430 pensum
271 3343 318 3409 cd
350 3343 545 3422 docendam,
577 3343 766 3411 tolerantem
800 3344 907 3410 malas
941 3363 1018 3410 mam
1053 3344 1317 3422 memactedr'nc,
1440 3343 1442 3346 ’

94 3447 300 3514 erudientem
323 3469 377 3516 eos
399 3451 459 3539 qai
479 3449 654 3530 obsistant,
677 3451 709 3516 si
731 3451 865 3539 quando
887 3451 939 3517 dat
962 3451 1028 3518 illis
1054 3451 1140 3516 llear
1154 3451 1319 3534 paeniten-

94 3555 177 3620 tiam
201 3555 248 3621 ad
271 3555 516 3642 apamaendam
539 3556 721 3635 ceritatem,
745 3565 773 3622 et
797 3556 994 3642 resipiscant
1017 3577 1033 3622 e
1056 3555 1182 3622 diaboli
1203 3555 1318 3642 laqueo

94 3662 188 3746 rapti
209 3660 252 3727 ab
275 3680 311 3727 ea
333 3663 380 3727 ad
403 3661 510 3747 ipcirm
533 3661 743 3728 volantatem.
768 3664 804 3728 rlt
826 3661 864 3730 de
900 3663 1167 3748 pseudoapostolis
1190 3668 1221 3728 et
1246 3663 1319 3728 liae·

99 3767 207 3834 reticis
232 3769 275 3834 ita
296 3767 419 3835 subdit:
446 3769 534 3835 illud
556 3777 667 3835 autem
681 3769 774 3847 scito,
791 3769 879 3856 quad
902 3771 938 3836 in
960 3771 1114 3835 extremis
1138 3767 1252 3834 diebos
1269 3769 1318 3833 in·
1341 3775 1362 3818 ²·
1377 3775 1433 3873 {ffll
1451 3777 1472 3830 ³.

93 3873 230 3940 amdam
254 3885 404 3961 tempora
423 3874 623 3961 periculosa.
651 3877 759 3941 dromi
785 3876 871 3942 enim
907 3873 1053 3942 domines
1076 3875 1133 3941 rai
1155 3883 1317 3954 amantes,
1419 3861 1425 3874 ’

93 3981 207 4059 avari,
231 3977 391 4066 saatrrasr',
413 3981 560 4066 stiperdr',
595 3981 760 4060 maledici,
794 3981 990 4067 parentibus
1025 3981 1243 4067 imnaam'peri,
1269 3982 1320 4048 in·
1384 4045 1386 4052 ,

91 4089 198 4174 proti,
224 4087 333 4173 impii,
356 4096 505 4154 carentes
536 4085 667 4175 affecta,
688 4088 761 4154 aine
794 4107 885 4174 pace,
910 4089 1181 4166 calumniatores,
1206 4088 1319 4154 r‘ntem·

90 4203 260 4280 perantes,
285 4193 437 4272 immites,
462 4193 656 4280 neplipentec
679 4192 851 4273 donor-nm,
873 4194 1070 4280 proditores,
1092 4195 1250 4280 protervi,
1270 4194 1319 4260 in·
1368 4227 1452 4274 m,

91 4299 179 4384 tlati,
204 4300 414 4388 uoluptatum
437 4311 600 4381 amanter,
620 4303 734 4387 potius
768 4321 870 4390 qaam
895 4310 1045 4368 amantes
1071 4301 1139 4378 net,
1168 4299 1321 4368 tradentes
1342 4281 1488 4380 ss‘fflffl

90 4405 244 4494 sormam
272 4407 417 4493 pietatis,
447 4407 504 4474 aed
538 4407 598 4496 qai
630 4409 696 4474 viai
727 4409 799 4474 aiae
833 4407 1042 4496 abnegarent.
1075 4445 1118 4456 -
1151 4407 1320 4488 Postremo,
1361 4387 1467 4497 ξῖἳέἷέ

157 4541 167 4560 ·
184 4541 285 4588 lectore.
