3390 5096
356 300 421 366 216
672 317 868 368 consorano
892 319 1123 367 curuananrsur
1145 320 1262 367 nautor.

356 441 463 510 eadem
480 443 525 508 uti
542 442 731 511 sacrificium
751 443 814 510 ileo
829 443 869 510 ab
884 443 929 510 eis
944 443 1048 510 oblata
1064 461 1125 510 uon
1142 443 1243 511 solum
1260 444 1307 510 eis
1322 444 1451 530 proluit
1468 461 1588 511 rerum

356 549 449 616 etiam
465 549 708 636 quibuscunque
723 549 792 617 aliis
809 550 856 617 vel
874 549 953 616 viris
969 551 1016 617 vel
1033 550 1177 630 mortuis,
1193 557 1229 617 ot
1244 550 1283 617 ad
1303 551 1449 618 ellectum
1469 568 1589 636 quem-

356 673 482 742 cunque
505 655 735 741 impetraodum
753 655 839 722 finite
855 674 891 723 ac
907 655 1117 742 particulatim
1134 657 1355 743 applicaretur.
1371 657 1458 724 Unde
1473 675 1589 743 quem·

356 762 524 830 admodum
541 763 573 830 in
596 781 694 830 coena
716 761 843 842 Christi,
860 763 902 830 ita
918 781 1046 849 quoque
1061 763 1093 829 in
1109 762 1280 831 sacerdotis
1295 763 1389 831 missa
1410 763 1486 831 baec
1504 764 1588 830 tria:

357 870 558 948 consecratio,
581 870 697 936 oblatio
719 876 751 938 et
774 871 911 955 sumptio
936 877 1002 936 tum
1026 887 1061 936 re
1085 878 1152 937 tum
1177 878 1318 956 tempore
1348 871 1474 940 distant.
1503 871 1587 937 Nam

357 975 501 1043 sacerdos
524 976 750 1044 Eucharistiam
775 977 878 1061 primo
901 983 1079 1056 consecrem
1103 976 1214 1044 deiude
1242 977 1333 1045 oilert
1359 985 1392 1045 et
1415 995 1474 1063 pro
1496 977 1587 1043 omni

357 1083 501 1162 Ecclesia,
515 1091 581 1150 tum
595 1101 653 1168 pro
665 1083 703 1150 iis
722 1083 871 1162 maxime,
887 1083 1004 1169 quibus
1016 1083 1197 1151 nominatim
1210 1084 1402 1170 applicatum
1421 1093 1587 1170 postremo

357 1189 414 1256 sibi
440 1197 560 1256 tantum
585 1189 639 1257 uni
664 1190 769 1257 sumit.
794 1188 881 1257 Sicut
903 1209 978 1276 ergo
1002 1209 1067 1270 ros,
1091 1190 1176 1277 quod
1207 1191 1332 1258 missam
1358 1191 1505 1277 proxime
1528 1208 1587 1256 ue·
1686 1223 1687 1229 κ

356 1296 452 1382 gostis
474 1313 541 1364 esse
565 1296 765 1375 sacrificium,
788 1297 963 1364 necessaria
994 1298 1212 1364 consecutione
1235 1297 1327 1364 etiam
1360 1298 1491 1383 negatis,
1514 1314 1587 1363 eam

357 1403 412 1471 ulli
439 1411 562 1488 praeter
597 1403 650 1470 uni
683 1403 819 1470 sumenti
855 1402 1019 1488 prodesse;
1052 1405 1094 1471 ita
1118 1421 1174 1471 nos
1197 1421 1237 1471 ex
1265 1404 1407 1483 adverso,
1431 1403 1586 1489 quoniam
1686 1472 1687 1489 ,

357 1510 419 1577 illic
442 1511 646 1590 asseruimus,
664 1510 789 1577 missam
809 1527 877 1577 esse
901 1510 1101 1589 sacrificium,
1125 1511 1176 1578 bic
1199 1511 1267 1596 pari
1284 1510 1514 1578 consecutionis
1529 1527 1587 1576 ne·
1686 1528 1687 1554 t

358 1617 500 1684 cessitate
523 1618 704 1696 asserimus,
728 1633 796 1683 eam
828 1617 897 1684 aliis
919 1635 1046 1703 quoque
1082 1627 1207 1702 praeter
1238 1617 1465 1684 sacrificantem
1491 1635 1587 1702 posse
1686 1644 1687 1652 ¹

358 1724 506 1810 applicari
530 1741 566 1790 ac
590 1723 774 1790 conducere.
799 1723 874 1788 Nam
911 1724 958 1790 vel
994 1723 1061 1808 ipsa
1092 1723 1235 1791 sacrificii
1260 1723 1340 1790 ratio
1362 1731 1394 1790 et
1416 1721 1585 1790 sacerdotii
1686 1748 1687 1791 r

359 1831 477 1898 iunctio
501 1831 566 1896 sola
589 1830 619 1896 id
643 1829 767 1898 abunde
790 1829 955 1897 convincit.
981 1830 1046 1896 Sub
1069 1831 1153 1897 omui
1177 1831 1261 1898 enirn
1286 1831 1352 1916 lege
1367 1837 1399 1897 et
1415 1830 1446 1896 in
1470 1829 1588 1915 quasis

360 1938 507 2024 religione
531 1945 562 2004 et
584 1937 667 2022 apud
690 1955 903 2023 quancunque
925 1945 1049 2023 gentem
1074 1936 1229 2017 sacerdos,
1254 1945 1402 2023 tanquam
1433 1936 1585 2022 publicus
1686 1959 1687 1983 t

358 2044 496 2112 universi
522 2043 628 2129 populi
653 2043 804 2122 minister,
829 2043 859 2109 in
885 2043 943 2109 boc
959 2050 1006 2110 est
1022 2043 1221 2122 constitutus,
1247 2051 1281 2110 ut
1305 2062 1366 2110 non
1383 2061 1442 2129 pro
1464 2059 1499 2110 se
1516 2051 1586 2109 tam

361 2159 439 2230 tum,
462 2151 515 2217 sed
539 2151 631 2217 etiam
657 2169 715 2235 pro
737 2149 820 2216 omni
847 2151 973 2234 populo,
989 2149 1080 2228 dona,
1098 2167 1230 2218 munera
1245 2159 1277 2218 et
1293 2149 1446 2216 sacrificia
1461 2139 1600 2227 oberat,
1686 2226 1687 2241 χ

359 2256 389 2323 id
413 2257 496 2343 quod
522 2257 552 2323 in
577 2258 734 2342 scriptura
759 2257 926 2342 praecipue
947 2257 1046 2336 docet,
1064 2257 1094 2322 in
1117 2256 1214 2325 reteri
1230 2257 1357 2343 quidem
1375 2257 1586 2324 instrumento

359 2363 438 2430 liber
461 2363 626 2442 leviticus
651 2364 680 2429 in
706 2381 786 2430 noro
802 2371 907 2430 autem
924 2363 1095 2448 Apostolica
1112 2364 1242 2449 epistola
1257 2363 1296 2430 ad
1312 2363 1477 2430 llebraeos.
1493 2361 1585 2448 Quod

358 2469 510 2536 Martinus
532 2470 700 2549 Lullrerus,
720 2475 840 2536 vestrae
863 2469 1005 2536 factionis
1027 2471 1259 2556 antesignanus,
1276 2489 1338 2537 non
1356 2471 1503 2556 ignoraus
1526 2469 1584 2535 ali·
1686 2538 1687 2561 χ

358 2575 483 2662 quando
506 2575 648 2661 scripsit:
677 2575 864 2660 «Quamdiu
889 2576 1028 2644 creditur
1053 2577 1178 2644 missam
1202 2594 1271 2643 esse
1298 2576 1498 2656 sacrificinm,
1522 2576 1585 2643 erit

359 2699 544 2767 persuasum
569 2683 695 2768 populo,
719 2683 829 2749 allisa
853 2683 1059 2750 manducante
1083 2683 1229 2768 prodesse
1245 2711 1276 2748 o.

449 2789 681 2868 Verumtamen,
693 2807 757 2875 quo
777 2789 879 2856 lusius
894 2789 1054 2876 aliquanto
1068 2790 1263 2875 uberiusque
1279 2807 1346 2857 rem
1364 2790 1443 2856 banc
1459 2807 1584 2856 omnem

359 2892 449 2980 (188)
472 2893 724 2962 demonstremus
747 2902 841 2981 atque
876 2895 1128 2975 corroboremus
1157 2896 1283 2962 missam
1320 2895 1399 2962 viris
1432 2895 1583 2981 applicari
1686 2982 1687 2993 ἵ

359 3021 459 3088 posse,
485 3004 533 3070 vel
569 3010 678 3069 nrutua
713 3003 867 3069 bonorum
902 3021 1033 3088 operum
1072 3003 1153 3070 inter
1185 3003 1291 3070 fideles
1315 3003 1581 3070 communicatio¹

359 3110 423 3177 sire
448 3109 643 3196 participatio
666 3111 732 3176 sola
755 3109 830 3175 satis
852 3117 947 3195 atque
970 3127 1066 3194 super
1089 3109 1214 3189 evincit,
1238 3127 1332 3196 qoam
1359 3109 1418 3176 boc
1443 3109 1511 3175 loco
1536 3129 1585 3175 ra·
1686 3141 1687 3167 r

360 3224 421 3283 tam
447 3217 555 3283 baberi
580 3217 736 3294 volumus,
761 3224 869 3302 utpote
893 3216 922 3282 in
948 3215 1061 3282 divinis
1084 3217 1252 3301 utriusque
1285 3215 1460 3282 testamenti
1486 3215 1585 3282 literis

360 3332 426 3390 tum
451 3323 652 3402 creberrime,
670 3331 736 3390 tum
755 3322 926 3390 clarissime
942 3322 1121 3402 stabilitam,
1137 3323 1262 3408 quando
1278 3323 1442 3408 apostolus
1459 3322 1584 3400 Paulus,

360 3439 396 3497 ut
419 3440 466 3497 est
491 3430 595 3497 ridere
619 3431 649 3497 in
673 3431 820 3498 omnibus
844 3429 992 3515 epistolis,
1015 3437 1047 3496 et
1070 3437 1140 3496 orat
1162 3448 1221 3515 pro
1243 3430 1320 3508 suia,
1343 3438 1375 3496 et
1400 3429 1440 3496 ab
1468 3429 1585 3496 eisdem
1686 3485 1687 3500 ,

360 3555 418 3623 pro
441 3556 473 3604 se
497 3555 588 3604 orare
613 3539 705 3624 petit;
723 3538 847 3604 missam
865 3547 971 3604 autem
988 3537 1069 3603 inter
1092 3537 1196 3602 omnia
1213 3535 1374 3603 bominum
1392 3554 1489 3621 opera
1504 3535 1586 3602 bona
1686 3528 1687 3555 ¹

361 3645 479 3730 primas
510 3645 651 3712 obtinere
684 3644 760 3711 nulli
785 3643 962 3710 Christiano
997 3643 1128 3710 dubium
1151 3651 1206 3710 est.
1240 3677 1281 3692 —
1305 3644 1341 3708 at
1368 3651 1522 3729 quantum
1547 3639 1586 3707 ad
1686 3677 1687 3702 r

359 3750 522 3818 defunctos
547 3751 690 3837 pertinet,
714 3751 816 3818 acrior
834 3751 884 3816 bic
900 3768 967 3817 esse
984 3751 1063 3816 solet
1078 3750 1244 3828 contentio,
1263 3749 1299 3816 lis
1315 3757 1346 3816 el
1361 3749 1585 3816 controversia.

361 3858 467 3944 ltaque
491 3859 728 3944 praesupposito
752 3857 782 3923 in
808 3857 983 3942 praesentia
1014 3875 1085 3923 cum
1118 3857 1269 3923 calbolica
1294 3856 1347 3922 Dei
1372 3855 1506 3922 viventis
1529 3855 1585 3920 Ec-

361 3965 453 4032 clesia
477 3966 668 4051 purgatorio,
693 3964 777 4051 quod
801 3965 935 4048 articulo
958 3965 1092 4030 octavo²
1117 3981 1174 4048 pro
1199 3963 1348 4049 temporis
1372 3961 1491 4030 ratione
1509 3979 1585 4047 pau·

432 4252 441 4284 ¹
462 4253 498 4308 Cl.
519 4253 600 4308 Enclt.
620 4269 642 4306 c.
663 4255 706 4306 29.
724 4254 747 4306 ll
768 4251 803 4304 3l³
819 4280 854 4293 —
873 4254 895 4305 ll
915 4253 941 4316 6,
959 4252 1034 4305 cuius
1053 4252 1155 4305 titulus:
1176 4252 1237 4304 Esse
1265 4251 1399 4319 quondam
1424 4264 1485 4303 cum
1514 4249 1586 4316 spiri·

362 4343 469 4396 tualium
490 4349 544 4396 tum
564 4343 705 4396 carnalium
726 4341 857 4395 bonorum
876 4341 1099 4406 communionem,
1118 4355 1171 4408 qua
1190 4348 1215 4394 et
1236 4341 1416 4404 fraternitates,
1435 4346 1464 4392 ut
1484 4347 1586 4404 rorant,

364 4433 505 4484 tunduntur
523 4437 550 4484 et
568 4437 693 4484 constant.

433 4519 547 4587 ’Supra
570 4521 627 4572 lli.
650 4519 698 4571 llll
719 4535 759 4588 sq.
