3390 5096
523 348 653 397 rnarros
675 347 882 398 cononessos.
1152 345 1154 350 ·
1254 330 1319 398 aba

85 471 246 540 caelibatu
270 490 391 552 eorum,
416 471 526 559 quiin
556 473 655 540 sacris
676 471 841 539 ordinibus
864 471 954 557 positi
980 479 1065 550 sunt,
1089 471 1237 558 quodque
1261 471 1322 539 illis

86 596 212 646 uxores
235 578 352 646 ducere
376 577 461 646 band
486 578 586 659 liceat,
612 596 672 646 non
697 579 800 646 solnm
824 596 843 644 a
866 578 999 645 summis
1024 577 1226 646 Pontificibus
1246 578 1321 644 Siri-

86 685 137 751 cio
161 693 194 752 et
218 685 310 752 beato
333 684 456 753 Calixto
478 693 618 771 martyre
641 691 714 752 ante
737 703 836 752 annos
852 685 937 752 mille
953 691 1111 752 trecentos
1125 683 1249 762 lacum,
1267 683 1321 752 sed

87 791 184 858 etiarn
208 809 228 856 a
250 791 470 877 compluribus
493 791 689 878 diversisque
712 791 851 858 conciliis
864 793 887 871 ¹,
911 791 974 857 imo
988 808 1029 858 ex
1054 790 1227 858 canonibus
1243 793 1322 876 lpo-

87 898 245 964 stolorum
278 896 448 983 prolectam
480 905 677 976 contemnat,
693 898 789 965 veluti
824 915 957 984 prorsus
989 897 1176 974 bumanam;
1208 914 1320 963 verum

87 1004 197 1090 potins
220 1021 279 1071 ceu
303 1003 533 1089 quadamtenus
555 1004 692 1071 divinam
716 1005 927 1090 amplexetur,
951 1004 1032 1070 colat
1051 1011 1082 1070 et
1097 1002 1254 1081 observet,
1271 1010 1321 1070 ut-

87 1119 162 1196 pote
186 1111 219 1176 in
243 1109 328 1177 omni
352 1110 430 1196 lege,
455 1118 596 1189 naturae,
621 1111 748 1196 scripta,
771 1111 890 1196 gratiae
913 1109 1173 1177 fundatissimam.
1190 1107 1322 1176 Proinde

88 1217 241 1302 quoniam
266 1216 327 1283 sub
349 1216 483 1284 articulo
506 1217 673 1284 secundo²
696 1235 864 1303 procerum
899 1216 1183 1284 Ecclesiasticorum
1207 1216 1323 1283 consti-

88 1323 230 1390 tutiones
251 1340 324 1389 cum
351 1323 447 1390 verbo
470 1322 524 1390 Dei
550 1341 610 1390 non
635 1331 811 1409 pugnantes
833 1323 972 1390 maxima
987 1341 1059 1389 carm
1085 1322 1175 1390 laude
1192 1322 1322 1407 recipie-

87 1429 183 1506 batis,
207 1426 300 1512 (174)
322 1435 419 1516 atque
442 1429 502 1497 boc
526 1430 593 1496 loco
616 1430 713 1497 totins
738 1429 890 1497 Ecclesiae
913 1429 951 1496 de
967 1429 1150 1496 sacerdotali
1167 1429 1321 1496 caelibatu

88 1536 346 1603 constitutionem
371 1536 468 1603 verbo
492 1536 546 1602 bel
578 1537 717 1603 maxime
752 1543 990 1603 consentaneam
1023 1552 1147 1603 summo
1170 1553 1243 1602 cum
1266 1554 1322 1621 op-

89 1641 223 1728 probrio
257 1641 395 1719 reiicitis,
419 1659 523 1708 nonne
553 1643 669 1708 iterum
707 1641 798 1708 nobis
828 1641 860 1707 in
896 1659 951 1708 vos
981 1641 1125 1709 occinere
1150 1640 1221 1708 licet
1245 1640 1322 1707 illud

89 1747 313 1814 lloratianum:
337 1747 406 1832 Quo
430 1755 559 1816 bucam-
575 1747 657 1815 nodo
680 1754 852 1816 mutantem
878 1747 988 1815 Protea
1012 1748 1153 1814 vultuml

181 1853 328 1920 Ceterum
353 1871 455 1938 neque
479 1853 529 1920 bic
553 1861 600 1921 est
624 1854 722 1933 vobis
746 1871 811 1939 quo
833 1853 904 1921 iure
928 1853 958 1920 in
993 1853 1110 1920 malitia
1132 1860 1238 1920 vestra
1260 1853 1322 1938 glo
1358 1867 1470 1932 tantm

90 1960 166 2026 riari
190 1959 326 2044 possitis
343 1967 492 2045 unquam
517 1979 599 2026 novo
621 1951 766 2046 dogmate
788 1959 935 2045 quopiam
960 1959 1146 2044 excogitato.
1170 1959 1246 2026 llam
1270 1977 1322 2026 ve·
1364 1920 1461 2072 3353}

91 2075 143 2132 tus
167 2072 216 2132 est
239 2064 299 2132 ista
322 2065 462 2132 haeresis
486 2066 632 2133 loviniani
649 2083 686 2132 ac
702 2065 870 2151 vigilantii,
887 2065 1067 2150 coniugium
1084 2073 1117 2132 et
1135 2065 1321 2133 caelibatum
1351 2037 1414 2084 ⁰⁰⁰⁹
1444 2031 1473 2072 ‘⁸'

89 2171 234 2257 aequalis
257 2171 359 2238 meriti
380 2171 598 2252 asserentium,
615 2173 675 2238 iam
692 2172 765 2239 olim
782 2189 801 2237 a
816 2171 1003 2256 Hieronymo
1018 2171 1194 2252 conlatata;
1210 2171 1322 2240 deinde

92 2276 203 2344 multis
227 2284 297 2362 post
319 2277 434 2343 seculis
456 2295 474 2343 a
510 2277 622 2344 loanue
656 2277 782 2344 Viclevo
806 2277 836 2343 in
873 2277 974 2344 lucem
1000 2285 1153 2344 revocata.
1179 2277 1236 2344 Sed
1261 2278 1322 2345 boc

93 2383 240 2468 discipuli
270 2383 390 2450 erroris
420 2384 515 2450 vestri
547 2383 712 2469 magistros
745 2383 877 2462 vincitis,
912 2383 996 2468 quod
1029 2382 1205 2450 lorinianus
1228 2387 1320 2464 (teste

90 2489 279 2574 Augustino)
304 2497 425 2556 tantum
452 2489 589 2575 virgines
611 2507 727 2568 sacras,
743 2507 825 2575 quae
848 2488 937 2556 tacite
952 2489 1035 2556 omni
1052 2489 1213 2556 doctrinae
1229 2495 1322 2556 vento
1347 2503 1480 2602 aufui·

94 2594 379 2673 circumferuntur,
401 2595 440 2662 ad
463 2595 753 2680 nuptiaspellexit,
776 2594 814 2661 ad
844 2595 1040 2662 sacerdotum
1066 2612 1141 2661 vero
1163 2595 1321 2680 deceptio·
1345 2557 1479 2656 Rudini}

94 2718 166 2767 nem
190 2701 358 2786 pervenire
381 2719 442 2768 uon
468 2701 579 2786 potnit,
603 2709 634 2768 et
658 2701 724 2786 ipse
757 2701 894 2785 coniugii
926 2701 1131 2786 praedicator,
1156 2708 1259 2768 tamen
1283 2702 1322 2768 ad

92 2807 238 2874 evitanda
262 2807 398 2894 coniugii
422 2825 518 2875 onera
541 2807 687 2893 coniugio
720 2807 881 2874 abstinuit.
908 2811 943 2874 at
977 2807 1105 2893 signifer
1138 2807 1195 2875 iste
1219 2815 1322 2875 vester

94 2932 167 2982 cum
192 2931 251 2981 sna
274 2915 405 2982 coborte
429 2913 622 2981 lovinianum
646 2921 782 3000 utroque
816 2914 987 2999 superavit.
1012 2914 1212 2999 Quapropter
1234 2922 1266 2981 et
1289 2913 1321 2980 bi

95 3021 159 3088 duo
182 3020 308 3088 articuli
335 3020 422 3087 vobis
444 3021 633 3106 aegirissime
657 3021 769 3088 obiecti
793 3028 877 3087 sunt.

165 3287 174 3318 ¹
196 3285 281 3342 Enob.
301 3301 325 3339 c.
344 3287 387 3340 35.
406 3288 428 3340 ll
449 3285 501 3340 bb:
519 3287 626 3340 aceedit
645 3287 676 3340 lis
695 3286 824 3340 Ecclesiae
842 3288 990 3350 auctoritas,
1015 3301 1095 3354 qoam
1115 3286 1189 3341 iubet
1206 3288 1324 3342 Christus

93 3378 196 3431 audire.
216 3377 285 3430 llaec
304 3383 393 3430 antem
412 3377 501 3429 maritis
519 3377 545 3428 ln
565 3377 678 3430 comitiis
696 3376 811 3430 nubendi
832 3377 978 3429 facultatem
1007 3377 1148 3429 iustissime
1166 3377 1265 3430 ademit
1284 3377 1323 3440 iis,

94 3468 138 3533 qni
157 3479 205 3520 sara
225 3471 319 3531 sponte
337 3465 412 3518 altari
430 3466 619 3530 astringuntur.
638 3465 719 3532 Legat
738 3466 784 3533 qni
805 3467 876 3518 volet
894 3465 997 3518 decreta
1017 3471 1245 3518 sacrosanctorum
1264 3477 1324 3520 cort·

94 3553 222 3610 niteram
241 3554 363 3616 Atricani,
382 3551 572 3620 Caesareensis,
591 3554 745 3617 ilerdensis,
765 3553 985 3620 carthaginensis,
1001 3553 1177 3617 anchoritani,
1197 3555 1324 3620 Toletanl,

94 3643 260 3705 ardaoensts,
284 3641 498 3705 Garnndinensis,
525 3641 641 3710 itemque
665 3641 774 3708 Golictd
798 3641 890 3697 siricii
916 3651 942 3694 et
969 3643 1089 3706 aliorum,
1107 3656 1177 3710 quae
1199 3645 1324 3695 bactanns

94 3733 172 3785 latina
191 3731 308 3796 suscepit
326 3737 352 3784 et
377 3729 537 3798 approbavit
562 3731 683 3794 Ecclesia,
706 3745 721 3784 a
745 3745 808 3800 qua,
827 3731 875 3784 nisi
901 3731 973 3784 notbi
1000 3731 1131 3784 nvalumns
1149 3745 1230 3797 qoam
1250 3729 1323 3784 liberi

94 3835 159 3888 asse,
178 3821 342 3885 degenerare
360 3832 414 3871 non
432 3818 491 3873 licet
509 3820 572 3873 citra
586 3826 742 3886 perpetuam
755 3819 936 3885 ignominiam.
950 3820 1082 3872 Hactenus
1094 3821 1164 3872 enim
1184 3821 1323 3873 universae

95 3909 224 3964 mindae
243 3909 336 3962 latinae
354 3921 385 3960 aa
403 3907 512 3962 concilia
532 3907 642 3973 probata
660 3915 729 3972 sont,
742 3909 784 3962 cui
797 3909 906 3962 accessit
924 3919 948 3962 et
968 3909 1131 3962 consuetudo
1144 3909 1210 3974 ipsa,
1223 3909 1323 3974 optima

94 3999 159 4052 iuris
171 3999 309 4064 interpres.
319 3997 359 4051 Cl.
368 4010 449 4063 supra
458 3997 548 4051 onor.
559 4025 593 4036 -·
602 3999 664 4052 Ass.
675 3997 720 4050 tat
732 4013 739 4050 :
751 3997 855 4050 llinlstri
867 3999 1003 4062 Ecclesiae,
1014 3999 1134 4052 monachi
1147 4011 1179 4052 ac
1190 3998 1324 4061 moniales,
1426 4011 1431 4022 ·
1472 3987 1476 3996 '

94 4089 139 4155 qui
157 4099 187 4142 re
205 4085 266 4141 iare
283 4083 462 4141 matrubcndi
478 4100 525 4139 sua
545 4091 638 4152 sponte
654 4086 805 4155 privarant
822 4101 882 4141 cnm
902 4087 1031 4140 eunuclrls
1047 4087 1218 4152 Evangellcis,
1232 4095 1324 4140 votum

94 4176 206 4230 reddant
224 4188 278 4242 quo
296 4174 394 4228 astricti
412 4179 481 4238 sont,
493 4180 605 4240 oportet,
617 4175 690 4242 qrrod
711 4175 736 4228 id
756 4177 848 4239 lloses,
861 4175 956 4238 David,
969 4176 1143 4240 Ecclesiastas,
1165 4176 1258 4229 Paulos
1277 4181 1325 4228 trn

95 4265 214 4332 didoqoe
233 4266 346 4318 bumana
366 4263 521 4330 praecipiat,
539 4277 609 4332 quae
627 4271 689 4318 voto
708 4264 805 4318 emisso
823 4263 932 4316 accedit.
947 4291 981 4300 -
994 4265 1053 4318 Ass.
1075 4264 1138 4316 ibt:
1154 4265 1220 4318 liolli
1239 4263 1325 4330 magis

94 4353 295 4406 constitutiones
312 4352 347 4405 de
365 4351 493 4406 caelibatu
513 4360 675 4418 execrantur,
693 4366 774 4420 quiam
793 4351 952 4422 prioptivtici,
979 4354 1095 4406 carnales
1113 4361 1139 4407 et
1158 4353 1251 4408 criticii
1271 4365 1326 4404 mo

94 4441 179 4505 naclri,
197 4453 285 4508 noum
303 4441 382 4495 etiarn
401 4442 440 4496 sis
458 4441 548 4510 aliquo
567 4441 648 4494 modo
660 4441 848 4506 sunragabtau
862 4442 954 4494 l‘nolos
967 4442 1001 4496 ad
1013 4442 1182 4496 'limotbeum
1197 4441 1324 4496 scribens.

167 4527 178 4561 ¹
197 4532 282 4596 Supra
302 4531 346 4582 98.
