3364 5092
365 212 428 280 Μὰ
678 231 874 281 consumto
897 232 1129 281 tmuuaanlsul
1151 233 1269 281 nantel.

361 373 396 423 re
420 373 477 422 nos
500 355 581 424 scire
605 355 707 423 voluit
728 356 768 424 de
791 363 874 424 statu
898 357 1035 436 illorum,
1059 357 1113 424 sed
1148 357 1205 424 sibi
1236 357 1291 424 soli
1317 358 1378 426 tale
1401 360 1596 444 mysterium

360 480 492 530 servari.

878 673 1068 746 omorio.
1131 619 1135 624 ¹

446 888 704 976 Quandoquidem
731 907 786 958 ros
809 892 895 958 hunc
916 891 1085 959 articulum
1109 898 1249 960 vestrum
1273 893 1451 978 agnoscitis,
1470 911 1533 958 nos
1551 893 1597 958 ri·

358 997 463 1065 cissim
488 997 662 1064 haereticos
684 1014 740 1064 vos
762 997 970 1083 agnoscimus,
993 1004 1103 1084 utpote
1126 1017 1190 1084 quo
1220 1000 1418 1066 contineatur
1448 999 1594 1066 haeresis

358 1122 508 1190 persaepe
532 1105 592 1170 iam
616 1123 635 1170 a
658 1104 831 1172 maioribus
854 1106 970 1172 nostris
996 1105 1152 1186 damnata,
1176 1106 1440 1192 quemadmodum
1477 1106 1593 1173 ordine

358 1211 510 1279 hacoeous
532 1211 699 1278 observato
722 1229 797 1279 mox
822 1212 852 1278 in
876 1213 988 1279 calcc²
1012 1213 1240 1280 annotabimus
1267 1215 1383 1280 Verum
1408 1213 1592 1291 audiamus,

356 1318 474 1402 quihus
499 1316 623 1383 taudem
658 1317 916 1404 argumentisr«
933 1319 1134 1404 Principio»,
1158 1319 1298 1405 inquitis,
1327 1319 1513 1405 «quoniam
1540 1337 1592 1386 ca·

357 1425 468 1492 nonica
491 1425 650 1510 scriptura
673 1441 830 1511 nusquam
855 1425 996 1493 meminit
1018 1425 1193 1511 purgatorii
1210 1451 1240 1491 n.
1266 1425 1449 1493 Herculeam
1467 1426 1592 1493 scilicet

356 1531 555 1617 validamque
579 1531 731 1600 rationem
755 1540 786 1599 et
811 1532 1021 1618 plurimarum
1037 1533 1222 1599 haereseum
1240 1540 1420 1617 parentem;
1438 1539 1471 1600 at
1487 1551 1589 1619 quam

355 1639 480 1707 enervis
502 1639 594 1724 plane
617 1639 657 1706 sit
680 1638 826 1706 inefficax
850 1638 1029 1706 huiusmodi
1053 1657 1072 1705 a
1101 1639 1310 1725 pronuntiatis
1343 1639 1409 1706 sive
1442 1640 1590 1706 testimo-

324 1745 415 1812 .oiis
438 1746 581 1831 negativa
604 1745 766 1832 colligendi
792 1747 881 1825 ratio,
913 1763 985 1813 cum
1017 1746 1048 1812 in
1083 1746 1167 1814 omni
1202 1746 1439 1831 disciplinarum
1467 1763 1589 1832 genere

355 1859 512 1918 noverunt
534 1852 685 1921 dialectici
711 1870 830 1932 omnes,
854 1858 921 1919 tum
939 1853 970 1918 in
987 1853 1154 1938 Theologia
1169 1852 1366 1937 potissimum
1384 1859 1442 1931 sat,
1458 1853 1588 1937 opinor,

355 1975 514 2044 superque
539 1958 599 2026 iam
625 1959 723 2045 liquet
746 1975 788 2024 cx
812 1959 860 2038 iis,
884 1977 966 2046 quae
989 1959 1020 2027 in
1039 1959 1140 2044 primo
1156 1977 1326 2044 congressu
1341 1958 1380 2026 de
1396 1959 1466 2045 ipso
1484 1960 1588 2026 Evan-

354 2064 434 2150 gelio
456 2065 680 2145 disseruimus;
705 2065 799 2132 latios
822 2065 904 2133 euim
929 2075 1036 2151 patere
1060 2067 1193 2134 verbum
1217 2065 1282 2144 Dei,
1298 2065 1474 2134 doctrinam
1491 2067 1588 2133 Chri-

354 2171 486 2239 stianam
511 2189 567 2239 seu
592 2172 818 2258 Evangelicam,
842 2180 874 2240 et
908 2173 1118 2258 Theologiam,
1142 2191 1238 2259 quam
1263 2181 1298 2239 ut
1321 2173 1465 2258 angustis
1489 2191 1586 2240 cano-

353 2278 441 2346 nicae
464 2278 641 2365 scripturae
673 2279 790 2346 linibus
824 2283 1017 2358 coerceatur,
1041 2280 1104 2347 illic
1127 2279 1171 2365 (ni
1207 2279 1310 2360 lallor)
1341 2279 1468 2347 abunde
1496 2299 1586 2347 com-

353 2392 563 2453 monstratom
589 2387 671 2453 est².
695 2386 823 2465 Deinde,
846 2386 930 2472 quod
956 2403 1043 2453 more
1073 2386 1209 2472 quodam
1235 2394 1340 2452 vestro
1363 2386 1415 2453 liic
1447 2393 1484 2454 ut
1508 2387 1584 2455 alibi
1655 2369 1656 2376 ἵ

354 2510 477 2578 semper
500 2491 539 2558 ad
563 2493 752 2579 scripturam
777 2493 956 2560 canonicam
981 2493 1070 2579 quasi
1095 2510 1256 2560 summum
1280 2492 1311 2558 in
1329 2493 1424 2560 terris
1439 2493 1584 2561 tribunal

353 2599 533 2685 appellatis:
556 2598 660 2678 dicite,
683 2619 702 2666 a
725 2618 789 2685 quo
812 2599 935 2666 tandem
960 2599 1109 2666 canonica
1123 2600 1292 2686 utriusque
1309 2601 1484 2666 testamenti
1504 2601 1584 2668 scri-

352 2713 447 2793 ptura
469 2706 585 2773 dicitur
609 2706 781 2773 canonica?
805 2707 847 2772 ln
872 2725 934 2772 noo
958 2725 975 2772 a
1000 2723 1118 2773 cauom
1139 2703 1231 2789 (110)
1255 2725 1312 2792 per
1336 2706 1506 2774 Ecclesiam
1532 2726 1584 2776 ca-

352 2813 498 2880 tholicam
523 2812 744 2898 approbatoit
768 2813 872 2897 Quare
896 2813 920 2879 si
947 2812 1112 2881 Ecclesiam
1137 2811 1252 2880 auditis
1274 2813 1483 2898 inscriptura
1507 2833 1583 2899 pro-

351 2919 463 3000 banda,
487 2937 546 2986 cur
569 2919 600 2986 in
625 2920 790 2987 statuendo
813 2919 996 3004 purgatorio
1019 2920 1147 2986 eaodem
1172 2919 1394 2987 contemnitis?
1417 2919 1477 2986 Sed
1503 2921 1582 2987 haec

351 3026 383 3094 in
407 3027 510 3112 primo
534 3043 704 3111 congressu
736 3026 847 3093 lusius.
883 3027 1043 3093 Postremo
1074 3027 1125 3094 llic
1159 3027 1237 3093 illud
1262 3025 1463 3112 peculiariter
1488 3027 1582 3104 addo,

351 3132 435 3219 quod
459 3133 515 3199 etsi
541 3151 603 3198 uox
628 3132 705 3199 haec
729 3133 975 3218 (purgatorium)
999 3133 1030 3198 in
1062 3133 1210 3200 canonica
1238 3133 1396 3218 scriptura
1419 3151 1580 3220 nosquam

351 3240 521 3318 invenitur,
546 3245 649 3306 umen
674 3257 740 3306 rem
766 3238 864 3324 ipsam
890 3239 946 3305 lrac
976 3257 1051 3305 voce
1082 3239 1284 3325 significatam
1318 3239 1380 3306 illic
1404 3239 1514 3306 haberi
1550 3247 1581 3306 et

351 3346 494 3426 inveniri,
512 3345 605 3431 paulo
625 3352 695 3430 post
717 3362 812 3430 quam
838 3343 1084 3411 luculentissime
1106 3345 1402 3424 demonstrabimus,
1426 3363 1490 3412 non
1506 3346 1580 3432 qui-

349 3453 420 3522 dem
444 3453 535 3521 iuxta
558 3469 685 3519 sensum
722 3460 873 3530 vestrum,
896 3457 928 3518 at
950 3451 1201 3518 orthodoxorum
1227 3459 1364 3536 patrum,
1388 3451 1471 3538 apud
1497 3469 1580 3538 quos

350 3562 433 3630 solos
455 3568 485 3628 ot
510 3558 710 3644 Evangelium
735 3564 767 3623 et
791 3575 895 3624 veram
927 3557 995 3624 eius
1026 3557 1261 3644 intelligentiam
1290 3558 1387 3626 luisse
1411 3559 1441 3624 in
1465 3558 1576 3626 eodem

350 3685 520 3752 congressu
545 3666 648 3752 primo
671 3664 795 3749 copioso
818 3663 982 3731 docuimus
994 3664 1017 3729 ⁴.
1042 3665 1158 3731 Verum
1192 3665 1349 3749 permulta
1371 3683 1440 3732 esso
1464 3665 1577 3732 liuius-

350 3772 481 3852 cemodi‚
497 3772 569 3858 quis
589 3771 637 3837 vel
661 3768 860 3856 mediocriter
883 3769 993 3836 doctus
1016 3770 1162 3856 ignorat?
1185 3771 1292 3837 Nonne
1309 3775 1386 3856 (quo
1408 3789 1450 3838 ex
1475 3772 1577 3856 pluri-

350 3883 532 3950 husonum
557 3879 713 3965 proteram
738 3876 933 3960 oxunplum)
956 3877 1036 3943 duae
1072 3878 1168 3943 totius
1202 3887 1327 3945 nostrae
1356 3877 1516 3964 religionis
1539 3897 1575 3945 ac

350 3989 419 4056 lidei
443 3986 534 4054 bases
557 3992 641 4066 sunt,
665 3985 766 4051 Deum
789 4000 856 4050 esse
880 4000 979 4048 unum
1003 3983 1034 4049 io
1058 3984 1191 4050 essentia
1214 3992 1246 4051 et
1269 3986 1442 4052 trinomia
1467 4004 1576 4071 perso

349 4151 614 4164 ————-

421 4240 429 4272 ¹
450 4242 515 4294 lulla
536 4240 596 4292 t5t.

419 4329 647 4394 'mmmm

420 4417 431 4448 a
451 4419 535 4483 supra
555 4417 597 4470 5l.
1023 4406 1035 4437 ⁴
1055 4409 1140 4474 Supra
1160 4409 1192 4462 ll
1211 4424 1250 4478 sq.
1270 4411 1312 4464 63.
1332 4411 1374 4464 dl.
