3390 5096
517 349 647 398 marrus
668 347 875 398 cousenssus.
1248 326 1310 394 153

76 476 105 541 in
129 476 311 560 posteriore
330 475 478 554 ¹rocabuli
503 474 678 560 significatu
701 471 765 540 duo
789 479 911 539 tantum
934 489 1003 539 esse
1026 477 1222 538 sacramenta
1237 469 1309 536 novi

76 583 272 661 testamenti,
296 581 487 667 baptismum
511 578 655 648 uidelicet
676 587 708 647 et
740 579 977 657 Eucharistiam,
1001 583 1038 645 ut
1064 593 1240 655 erroneam,
1263 575 1311 642 in·

77 687 215 767 fidelem,
240 695 337 754 etex
362 688 470 754 multis
493 686 677 754 haeresibus
708 685 846 772 antiquis
872 683 1119 752 consarcinatam
1147 681 1311 768 (quemad-

76 793 208 860 modum
234 793 267 860 in
292 793 354 862 line
379 811 453 860 mox
478 792 648 875 indicatur)
671 791 818 859 omnibus
841 790 941 858 modis
964 789 1184 857 abominamur
1215 805 1310 874 repu-

76 898 278 986 diamusque.
304 901 401 968 Porro
423 902 477 984 (ne
500 899 608 968 multis
643 900 702 966 lroc
725 898 792 966 loco
825 916 965 984 premam
1001 896 1093 964 istius
1123 903 1246 964 restrae
1270 895 1311 962 la·

77 1005 190 1073 edonis
217 1006 374 1074 levitatem
398 1012 430 1073 et
452 1005 702 1084 inconstantiam,
718 1022 782 1090 qua
796 1004 1020 1090 antesignanus
1036 1011 1139 1071 vester
1155 1003 1230 1070 olim
1250 1001 1311 1069 tria

76 1111 132 1178 sibi
158 1119 361 1180 sacramenta
384 1131 441 1198 pro
465 1119 606 1197 tempore
630 1110 770 1197 ponenda
805 1111 941 1197 scripsit,
972 1127 1084 1195 nempe
1107 1109 1310 1194 baptismum,

77 1218 304 1301 poenitentiam
328 1226 361 1285 et
382 1237 505 1304 panem,
529 1225 566 1285 ut
588 1218 657 1285 eius
680 1216 777 1284 verbo
792 1217 947 1297 dixerim;
971 1233 1056 1284 nunc
1072 1233 1148 1284 vero
1171 1216 1202 1282 in
1225 1216 1311 1283 dete·

77 1324 145 1390 rius
170 1325 407 1393 baereticorum
437 1343 525 1392 more
560 1324 769 1410 proficientes,
800 1324 991 1409 poenitentia
1025 1340 1153 1409 quoque
1187 1321 1311 1390 sublata

77 1429 140 1495 duo
166 1437 290 1498 tantum
316 1430 504 1516 relinquitis,
529 1430 650 1498 tametsi
687 1448 744 1497 nec
775 1429 828 1497 illa
862 1429 988 1516 quidem
1013 1428 1256 1497 incontaminata
1279 1435 1311 1494 et

79 1535 201 1618 illaesa)
226 1537 393 1604 universae
418 1536 610 1621 probationis
634 1537 685 1602 bic
709 1554 765 1621 per
789 1553 845 1603 vos
866 1535 1020 1604 adductae
1043 1538 1121 1621 (quo
1137 1534 1310 1602 involutius

77 1641 312 1729 obscuriusque
335 1642 419 1709 dicta
440 1642 628 1727 explicatius
656 1641 855 1727 lucidiusque
886 1643 1042 1727 promam)
1066 1641 1130 1708 duo
1160 1640 1310 1707 adsum·
1344 1661 1347 1668 ·

78 1764 160 1814 mam
186 1749 278 1815 rideo
300 1766 369 1816 esse
392 1748 494 1833 capita
516 1765 575 1816 ceu
609 1747 822 1814 fundamenta.
854 1747 956 1814 Unum
992 1755 1040 1815 est
1063 1753 1154 1814 vetris
1177 1746 1255 1813 illud
1278 1754 1310 1814 et

81 1869 248 1921 commune
274 1853 362 1921 vobis
379 1843 524 1939 ¹asylum:
542 1853 620 1921 llaec
636 1853 700 1920 drro
716 1853 781 1920 sola
798 1853 977 1922 testimonio
992 1853 1224 1938 scripturarum
1241 1871 1310 1921 esse

80 1959 225 2026 stabilita.
250 1960 339 2045 Quod
364 1978 438 2028 sane
461 1978 556 2048 quam
581 1961 671 2045 plane
695 1960 773 2026 nibil
797 1960 911 2027 babeat
934 1960 1060 2039 virium,
1085 1960 1142 2027 etsi
1159 1959 1220 2027 iam
1237 1967 1310 2028 ante

82 2071 126 2129 sat
149 2083 313 2152 superque
336 2073 617 2134 conrmonstratum
642 2073 689 2133 est
712 2073 744 2133 et
767 2066 797 2131 in
822 2066 924 2151 primo
940 2083 1111 2152 congressu
1127 2065 1273 2134 dillusius
1287 2069 1308 2146 ¹,

82 2177 111 2233 et
133 2172 296 2238 astrictius
319 2172 380 2238 sub
404 2171 600 2258 praecedenti
624 2159 794 2250 articulo'l,
817 2180 885 2238 tum
899 2172 915 2204 ⁶
938 2172 1022 2257 quod
1046 2191 1108 2239 non
1129 2173 1233 2240 omnia
1250 2173 1311 2240 bu·

82 2291 191 2344 manae
214 2277 308 2345 saluti
332 2279 518 2357 necessaria,
542 2296 597 2346 seu
633 2277 788 2345 credenda
822 2295 878 2345 seu
902 2279 1022 2364 agenda
1052 2279 1209 2346 canonicis
1232 2279 1309 2346 scri-

82 2383 183 2464 pturis
206 2401 358 2470 expresse
381 2386 592 2464 continentur,
616 2393 684 2451 tum
708 2384 792 2470 quod
816 2403 877 2452 non
901 2385 1006 2451 omnia
1021 2384 1137 2452 Christi
1162 2386 1210 2452 vel
1226 2384 1309 2452 dicta

84 2487 129 2552 rel
165 2489 247 2556 lacta
281 2491 381 2557 literis
415 2497 546 2558 exarata
576 2498 668 2570 sunt;
704 2491 733 2556 id
766 2498 869 2558 tamen
903 2491 1209 2577 impudentissimum
1240 2507 1309 2558 esse

84 2593 277 2663 mendacium
302 2597 396 2682 paulo
420 2604 489 2682 post
523 2598 734 2675 ostendemus,
758 2598 1008 2684 unumquodque
1039 2605 1307 2665 sacramentorum

83 2701 311 2786 scripturarum
336 2703 521 2770 testimoniis
535 2704 687 2771 asserturi
704 2703 748 2769 **.
767 2741 810 2753 -
826 2705 964 2772 Alterum
988 2711 1037 2771 est
1059 2723 1139 2771 nora
1154 2703 1308 2790 quaedam

84 2806 160 2872 ratio
182 2808 357 2875 istiusmodi
381 2811 580 2888 sacramenti,
603 2810 642 2877 de
665 2828 730 2896 quo
751 2811 885 2896 agimus
908 2828 1002 2896 quam
1028 2817 1107 2879 tecte
1131 2810 1308 2878 subindica-

84 2909 120 2976 tls
136 2913 198 2992 Μ,
222 2914 372 2981 nimirum
397 2923 431 2982 ut
454 2915 491 2981 ad
517 2917 701 2983 sacramenti
728 2917 891 2994 rationem,
908 2913 999 3000 (120)
1024 2924 1169 2984 naturam
1187 2925 1218 2984 et
1233 2917 1308 2984 sub

85 3021 224 3086 stantiam
250 3021 404 3105 pertineat
428 3022 561 3089 verbum
578 3021 702 3114 divipae
718 3021 933 3106 promissionis
948 3021 987 3090 de
1003 3023 1103 3108 gratia
1126 3023 1192 3090 sive
1215 3023 1309 3090 mise·

87 3125 216 3194 ricordia
239 3134 271 3194 et
296 3128 478 3195 remissione
501 3135 714 3213 peccatorum,
731 3129 781 3195 cui
798 3136 1030 3195 sacramentum
1047 3129 1206 3196 aCbristo
1222 3129 1309 3196 velut

86 3241 252 3302 externum
276 3234 400 3320 signum
424 3234 588 3301 arrabonis
612 3235 679 3300 loco
714 3235 754 3302 sit
781 3236 970 3321 appositum,
994 3254 1058 3321 quo
1082 3253 1139 3302 nos
1162 3235 1307 3321 promissi

86 3339 128 3402 sui
152 3339 303 3407 certiores
326 3339 472 3407 redderet
495 3341 656 3426 verboque
679 3359 737 3409 suo
760 3341 853 3408 tidem
876 3341 1072 3420 adstrueret;
1098 3342 1178 3408 banc
1200 3349 1306 3409 autem

86 3447 266 3514 sacramenti
292 3447 443 3514 rationem
467 3446 623 3514 duntaxat
647 3446 677 3513 in
702 3447 892 3533 baptismum
916 3453 948 3515 et
972 3448 1197 3515 Euclraristiam
1222 3467 1307 3516 com·

87 3559 185 3632 petere
208 3553 328 3631 dicitis;
354 3553 483 3639 proinde
508 3571 563 3620 ros
597 3561 701 3621 cetera
735 3555 877 3640 quinque
900 3571 919 3620 a
953 3561 1222 3622 sacramentorum
1247 3573 1307 3621 nu-

86 3671 167 3725 mero
190 3659 358 3745 repudiare
381 3667 530 3746 tanquam
556 3677 643 3727 mera
667 3661 828 3727 bominum
854 3668 1039 3726 commenta.
1150 3698 1155 3710 ·

169 3765 308 3833 Primum
332 3765 383 3832 bic
406 3773 491 3833 certe
515 3766 619 3833 nescio
642 3766 847 3832 stultitiamne
870 3783 910 3832 an
942 3764 1160 3851 ignorantiam,
1192 3785 1230 3832 an
1257 3783 1307 3852 po

88 3866 143 3936 tius
165 3879 339 3958 utrumque
364 3871 471 3938 mirari
495 3877 527 3938 et
551 3869 653 3939 ridere
677 3871 818 3939 debeam.
850 3873 893 3942 ln
926 3890 987 3938 non
1020 3872 1112 3958 plane
1136 3871 1306 3939 ridiculum

87 3989 115 4040 se
136 3977 329 4062 praebuerit,
352 3977 406 4064 qui
431 3995 504 4045 cum
528 3978 589 4044 alio
613 3978 858 4064 disputationem
882 3978 1085 4064 ingressurus
1107 3979 1145 4046 de
1169 3997 1204 4046 re
1229 3997 1308 4064 qua·

141 4119 151 4139 '
169 4121 259 4166 tamen.
676 4119 700 4140 '¹
717 4118 839 4168 assentiri.

140 4201 176 4220 '¹'
194 4197 361 4248 mbindicaiir.

150 4442 159 4474 ¹
181 4445 266 4510 Supra
287 4444 321 4498 bl
340 4459 381 4514 sq.
398 4444 442 4498 it.
462 4445 507 4498 73.

150 4531 161 4563 ¹
181 4535 267 4600 Supra
288 4532 338 4586 ttt
359 4547 400 4602 sq.
