3384 5082
364 215 428 282 238
679 233 874 284 coururnrro
897 235 1129 284 unrunnnmsm
1152 235 1268 283 onaret.

363 357 412 424 vet
435 358 653 425 scelestissimo
676 357 792 426 auferri
818 365 962 444 nequeat,
987 360 1171 444 praesertim
1193 360 1233 428 ab
1249 377 1296 439 eo,
1320 361 1374 446 qui
1400 360 1579 428 inrisiirtio-

363 481 433 530 nem
459 465 489 530 in
513 482 585 530 eum
612 483 671 532 non
697 465 799 532 babet.
823 465 1045 549 Quamobrem,
1068 466 1213 552 quisquis
1236 467 1284 533 ret
1309 468 1339 532 in
1364 467 1432 552 pias
1454 468 1579 544 miratos,

362 571 410 637 vet
435 571 466 637 in
491 572 677 651 nostrornia,
701 572 749 638 ret
773 572 804 638 in
828 573 906 638 aiios
929 590 1007 639 usus
1030 573 1097 658 pios
1129 573 1269 640 nonnihit
1292 573 1419 658 elargiri
1444 574 1521 651 vetit,
1545 574 1580 639 id

362 677 452 742 iuxta
476 678 624 763 sapientis
647 677 811 744 consilium
835 679 873 745 de
898 679 1025 763 propria
1048 679 1222 746 substantia
1238 679 1338 746 iaciat.
1363 681 1413 746 Sic
1434 681 1512 746 enim
1526 683 1580 745 Sa-

201 798 263 844 rni.
278 798 299 853 ³.
314 799 335 842 s.
363 784 466 850 ioman
490 785 550 850 nit:
576 784 715 850 Honora
742 785 841 850 Deam
867 785 906 851 de
929 794 990 851 tua
1012 785 1211 852 substantia.
1247 785 1322 852 Nam
1355 793 1391 852 ut
1423 787 1498 853 idem
1519 787 1578 852 ait:

192 904 255 950 aas
270 905 303 958 a,
319 905 340 949 a
372 891 562 957 Victimae
549 891 730 976 impioram
754 890 990 958 abominabiles
1014 892 1156 958 domino.
1174 893 1233 958 Et
1227 911 1257 958 rn
1276 892 1486 960 Ecclesiastico
1506 893 1581 959 scri-

191 1011 260 1110 ⁸⁶⁸ss
267 1011 343 1110 ³²⁸3ss
363 1005 452 1084 ptum
478 1005 542 1064 est:
567 997 775 1064 immolantis
804 1018 844 1064 ear
867 999 992 1086 iniquo,
1025 998 1145 1065 abbatia
1176 1009 1221 1065 est
1252 999 1437 1078 maculata,
1460 1011 1486 1066 et
1514 1017 1579 1064 rari

363 1113 441 1170 aaut
473 1102 689 1188 beneplacitae
723 1103 1044 1170 subsannationes
1031 1105 1233 1190 iniquorum.
1267 1106 1361 1172 Dona
1392 1105 1581 1194 iniquorum

362 1231 428 1276 aaa
448 1209 570 1296 probat
594 1209 791 1288 altissimus,
816 1229 873 1275 nec
896 1210 1029 1296 respacis
1053 1211 1087 1276 in
1111 1210 1326 1278 abbatianos
1312 1213 1505 1299 infflquorum
1525 1229 1581 1276 nec

362 1317 395 1383 in
421 1315 632 1382 mollitudine
653 1315 902 1401 sacrificiorum
926 1335 1042 1382 eornm
1071 1316 1310 1402 propitiabitur
1334 1319 1488 1403 peccatis.
1520 1315 1584 1400 Qui
1659 1389 1660 1416 χ

362 1421 455 1510 offert
488 1421 662 1507 sacrificia
696 1443 735 1488 ea
769 1423 959 1489 substantio
990 1442 1195 1510 puerperam,
1218 1425 1319 1512 quasi
1344 1425 1405 1512 qui
1438 1425 1582 1490 victimat

360 1527 470 1614 filiam
495 1529 529 1594 ia
553 1539 726 1614 conspecta
748 1530 859 1616 patris
892 1531 957 1596 sui.
982 1531 1106 1614 Quanto
1137 1531 1236 1616 magis
1258 1525 1490 1598 inexcusabiles
1511 1536 1582 1596 sant

361 1635 652 1722 implacabiliusque
677 1637 775 1702 [teum
799 1636 961 1702 otiandum
985 1636 1027 1702 itti
1045 1637 1180 1721 tyranni,
1203 1637 1257 1722 qui
1283 1637 1501 1722 religiosorum
1516 1654 1585 1703 coe-

361 1742 454 1808 nobie
479 1743 506 1806 ri
531 1751 720 1827 ocarrpantes
744 1743 774 1809 in
800 1743 946 1828 profanos
970 1760 1047 1810 osus
1065 1742 1208 1828 proprios
1230 1751 1429 1810 convertunt.
1454 1743 1586 1810 Credant

362 1848 439 1915 mibi
464 1848 740 1934 (quemadmodum
766 1855 798 1915 et
820 1857 911 1915 antea
927 1866 981 1915 eos
996 1847 1168 1931 admonui),
1186 1849 1243 1914 nisi
1260 1849 1387 1935 quando
1404 1849 1585 1936 resipiscen-

362 1963 409 2022 tes
432 1951 522 2036 (211)
546 1963 577 2022 et
600 1954 702 2021 ablata
727 1956 773 2022 ret
797 1973 869 2022 cum
886 1955 1012 2022 taenara
1029 1955 1240 2034 restituentes,
1255 1955 1358 2041 dignis
1381 1956 1586 2041 paenitemiae

361 2061 510 2146 operibus
535 2061 633 2128 Deum
658 2061 781 2146 placare
805 2061 960 2139 studeant,
986 2061 1108 2146 longius
1141 2070 1196 2128 aut
1220 2061 1348 2129 brevius
1378 2061 1516 2129 divinam
1539 2061 1586 2128 nl·
1659 2079 1660 2090 ¹

362 2167 476 2233 tionem
501 2167 533 2233 in
557 2185 590 2234 se
614 2168 743 2254 suisque
766 2167 911 2246 sentient,
935 2185 999 2254 quo
1023 2167 1202 2246 tardiorem,
1227 2169 1286 2234 boc
1309 2169 1368 2251 (nti
1394 2169 1443 2252 fit)
1466 2169 1587 2255 gravio-

362 2287 439 2338 cera.
464 2273 601 2356 Quodsi
627 2291 687 2340 tran
713 2280 834 2339 moreat
859 2273 933 2340 istos
956 2273 1124 2357 sacrilegos
1155 2273 1319 2340 Ethnicum
1350 2275 1419 2340 auri
1445 2275 1586 2342 Tolosaui

202 2395 339 2451 anam
363 2379 555 2464 exemptum,
591 2387 736 2446 moveant
769 2397 822 2446 eos
858 2379 966 2447 saltem
1001 2380 1146 2466 exempta
1182 2380 1265 2466 regis
1298 2381 1413 2461 beliab,
1449 2382 1504 2468 qui
1530 2382 1587 2448 riri

248 2501 303 2547 mn.
317 2501 339 2547 s.
363 2484 435 2552 iusti
461 2485 580 2552 Nabotb
607 2487 726 2554 vineam
752 2487 926 2560 invaseram
950 2493 980 2552 et
1004 2487 1086 2572 regis
1110 2486 1300 2565 Battassaris,
1317 2488 1370 2573 qui
1389 2490 1472 2556 vasis
1492 2489 1588 2555 sacris

362 2609 380 2658 e
404 2593 519 2676 minato
542 2593 820 2678 Hierosolymitano
843 2611 862 2658 a
885 2601 973 2678 patre
1006 2593 1118 2660 ablatis
1142 2593 1173 2660 in
1198 2611 1303 2660 measa
1327 2593 1489 2672 trabatur,
1514 2595 1587 2662 alio

362 2717 498 2784 rumque
523 2707 728 2784 tyrannorum
752 2706 783 2765 et
799 2699 1022 2785 sacrilegorum
1046 2701 1192 2786 exempta
1206 2699 1319 2767 divinis
1342 2699 1372 2766 in
1395 2701 1496 2768 literis
1520 2719 1587 2787 pas
1659 2691 1660 2764 ζ

363 2806 420 2871 sim
445 2805 643 2873 occurrentia
662 2807 683 2870 ¹.

454 2915 611 2980 Postrenro
635 2913 684 2979 cai
710 2933 771 2980 non
802 2913 935 2992 subolet,
966 2914 1020 3000 qni
1053 2913 1144 2979 modo
1173 2913 1222 2979 vel
1252 2913 1345 2998 panto
1376 2917 1589 2982 emunctiores

364 3021 476 3088 babeat
501 3037 604 3098 nerea,
627 3019 658 3086 in
684 3021 788 3086 verbis
812 3019 878 3087 istis
901 3021 993 3086 etiam
1025 3020 1174 3086 avaritiae
1199 3019 1329 3087 morbus
1356 3021 1589 3106 quantumlibet

361 3127 570 3195 absconditus
596 3127 671 3192 Nam
695 3143 759 3212 qna
782 3126 905 3194 tandem
930 3127 992 3193 bne
1014 3127 1202 3194 monasteria
1230 3127 1261 3192 in
1285 3127 1408 3194 scholas
1439 3127 1590 3195 vertenda
1659 3211 1660 3220 ἶ

362 3234 533 3314 consulitis,
558 3233 615 3300 nisi
640 3242 671 3300 et
695 3251 778 3300 unus
801 3241 856 3300 aut
879 3233 958 3300 alter
975 3241 1115 3302 vestrum
1139 3232 1274 3318 spatiosa
1289 3233 1381 3300 alicui
1407 3235 1474 3301 loco
1498 3253 1591 3320 prae-

434 3537 546 3594 'Enclc
566 3553 589 3592 c·
609 3539 652 3590 39.
674 3537 742 3590 Ni:
762 3539 802 3603 At,
827 3537 957 3604 inquiunt,
975 3537 1147 3602 eleemosynis
1173 3537 1391 3591 monasteriorum
1416 3538 1518 3604 erigere
1544 3553 1591 3590 ro-

363 3631 450 3682 iamns
468 3641 610 3682 commune
628 3627 790 3680 aerarium...
809 3627 911 3680 scitalas
929 3626 1055 3691 nauticas,
1075 3627 1163 3692 tapsus
1182 3639 1250 3689 sum,
1264 3626 1352 3679 dicere
1371 3625 1461 3690 debui,
1475 3628 1589 3680 baereti-
1659 3647 1660 3704 t

363 3731 455 3770 corum
475 3715 656 3770 conciliabuta.
686 3717 783 3768 Verum
812 3731 865 3784 quo
885 3715 986 3768 rerba?
1014 3729 1066 3782 qua
1086 3715 1256 3768 auctoritato!
1286 3715 1421 3782 Siquidem
1445 3729 1591 3769 commune
1659 3769 1660 3798 ᾖ

363 3808 493 3860 aerarium
514 3805 547 3859 de
566 3807 657 3874 rapina
678 3821 826 3872 parrperum
847 3821 897 3860 non
924 3813 963 3858 est
982 3805 1148 3870 erigendam
1173 3805 1210 3856 De
1229 3810 1272 3857 tua
1292 3804 1436 3858 substantia
1462 3805 1501 3856 tac
1519 3807 1592 3859 eloe·
1659 3803 1660 3812 ³

363 3911 511 3962 mesenam,
530 3897 615 3963 inquit
634 3897 738 3960 sapiens
756 3895 835 3954 (tob.
856 3895 880 3958 t,
899 3895 936 3962 7).
955 3921 990 3934 —
1011 3895 1109 3946 Deinde
1127 3897 1189 3947 citat
1208 3894 1283 3947 Eccti.
1302 3893 1344 3959 at,
1364 3895 1407 3946 at.
1427 3895 1471 3946 23.
1490 3893 1533 3946 tl.
1562 3898 1592 3949 Et

364 3984 399 4038 ib.
418 3986 437 4036 N
458 3983 493 4036 bb
520 3985 665 4036 adduxerat
683 3985 830 4048 exemplum
850 3993 876 4036 et
895 3997 1008 4050 poenam
1029 3983 1111 4050 (regis
1131 3982 1296 4038 baltassaris
1315 3983 1391 4049 (Dan.
1412 3983 1437 4050 b)
1451 3989 1477 4035 et
1495 3981 1591 4038 Achab

364 4073 400 4136 (³.
419 4075 483 4137 fleg.
504 4073 558 4141 ii).
578 4099 613 4112 ·-·
632 4077 692 4127 Ass.
711 4073 776 4126 282:
797 4073 852 4124 Non
872 4071 968 4124 debeat
986 4073 1119 4137 principes
1131 4079 1157 4124 et
1176 4071 1342 4137 magistratus
1362 4086 1410 4137 ner
1422 4071 1592 4137 tyrannidem
1659 4125 1660 4134 ,

365 4162 497 4214 instituere
517 4177 564 4227 pro
583 4176 632 4215 sno
656 4162 783 4214 arbitratu
802 4161 1019 4214 monasteriorum
1040 4163 1241 4228 dispensatores,
1262 4163 1297 4214 uti
1326 4161 1457 4214 nonnullis
1474 4161 1500 4213 in
1525 4163 1593 4217 iocis
1659 4175 1660 4180 ’

365 4253 460 4304 tactum
481 4259 527 4314 cst,
547 4252 729 4318 aequantium
750 4251 898 4304 monasterii
924 4253 1025 4304 auterre
1051 4251 1130 4314 bone,
1155 4251 1281 4317 redditus,
1307 4249 1445 4316 pensiones
1463 4257 1489 4304 et
1513 4265 1592 4306 sacra
1659 4277 1660 4312 r

363 4353 440 4405 erasm
461 4340 558 4408 alioqui
576 4349 695 4406 raptores
713 4345 773 4394 sunt
792 4341 1010 4409 experianturque
1029 4356 1090 4395 cnm
1109 4341 1267 4396 baltassare
1285 4339 1399 4394 celerem
1413 4340 1591 4406 perditionem

364 4438 389 4483 et
407 4429 565 4483 divisionem
584 4431 668 4496 regni.
