3390 5096
378 280 443 346 Wl
519 305 524 322 ⁸
691 300 886 351 conruuntto
907 301 1139 350 LU'l'llEllANlSlll
1161 301 1278 350 utntct.

377 442 469 492 nemo
490 424 530 490 ab
560 425 648 492 initio
680 425 833 494 Ecclesiae
866 427 903 493 ad
937 427 1013 494 haee
1045 444 1145 514 usque
1169 435 1310 513 tempora
1334 427 1462 495 missam
1493 434 1606 514 aperte

376 532 501 617 negarit
523 549 591 600 esse
613 533 811 604 sacrificium.
836 534 924 618 Quod
950 553 1044 619 porro
1066 551 1169 620 usque
1191 533 1268 601 adeo
1293 552 1386 620 parce
1401 553 1438 602 ao
1455 542 1606 602 rarenter

376 638 628 706 excellentissimi
653 639 749 707 huius
771 640 914 708 saorilioii
939 649 1005 709 tum
1030 641 1231 727 Evangeliraa
1255 649 1322 708 tum
1346 641 1545 727 apostolicae
1570 642 1606 708 li-

377 752 462 812 terae
486 745 693 826 meminerint,
728 745 759 813 id
782 747 826 821 (ni
851 747 953 834 fallor)
977 747 1007 814 iu
1039 765 1133 816 eausa
1163 755 1228 816 est:
1251 748 1398 816 Christus
1432 749 1533 827 onim,
1559 747 1605 813 uti

376 851 468 920 modo
489 851 721 934 admonuimus,
746 854 805 940 legi
828 855 890 921 rim
922 873 1011 922 suam
1041 872 1110 924 esse
1142 855 1240 922 voluit
1272 873 1374 942 usque
1402 855 1440 922 ad
1465 863 1605 922 mortem

377 976 476 1027 suam.
501 959 631 1026 Proinde
653 961 722 1028 eius
745 979 807 1028 nun
843 962 992 1041 meminit,
1023 961 1093 1040 nisi,
1117 962 1193 1029 dum
1224 962 1298 1030 hinc
1329 963 1531 1048 migraturus
1567 960 1606 1028 ad

377 1072 496 1150 patrem
521 1066 616 1133 simul
639 1066 782 1134 instituit.
808 1068 941 1154 apostoli
966 1087 1041 1135 vero
1064 1068 1129 1136 lere
1152 1069 1183 1134 in
1209 1069 1298 1154 plebe
1322 1069 1516 1136 instituenda
1534 1085 1606 1134 rer·

377 1179 496 1240 santur.
521 1171 579 1240 Sed
603 1173 664 1239 iam
694 1174 807 1240 crebro
838 1176 1005 1259 repetitum
1037 1181 1095 1252 est,
1119 1193 1221 1261 neque
1251 1175 1366 1242 Christi
1393 1193 1498 1261 neque
1525 1178 1607 1260 lpo-

378 1280 530 1346 stolorum
555 1279 602 1346 vel
626 1279 707 1347 dicta
731 1281 779 1348 vel
803 1281 883 1348 laeta
907 1282 1075 1349 memoriae
1099 1281 1221 1367 prodita
1244 1299 1312 1350 esse
1335 1283 1450 1350 omnia.

694 1492 897 1560 auttctltus
921 1493 1115 1560 vtdustlttts
1140 1493 1283 1561 Ptttlttts

225 1665 348 1710 Dorulaus

209 1729 355 1830 &personna-
472 1705 593 1773 llissam
617 1705 694 1772 nulli
720 1706 876 1791 prodesse,
900 1715 1119 1792 praeterquam
1145 1707 1197 1773 nni
1223 1707 1344 1792 solique
1366 1707 1517 1786 sumenti,
1544 1724 1607 1772 non
1686 1762 1687 1767 ,

225 1775 362 1925 offis-⁸
380 1811 526 1879 delunoto
549 1813 661 1892 solum,
685 1821 716 1880 at
740 1831 778 1880 ne
802 1815 873 1880 rivo
896 1813 1032 1900 quidem.

904 2024 1078 2116 Responsio.

470 2243 534 2307 Non
558 2259 708 2326 negamus
732 2240 816 2307 huno
838 2241 1019 2320 articulum,
1042 2239 1094 2307 sed
1119 2241 1253 2326 ingenue
1286 2241 1423 2308 latemur
1458 2247 1605 2308 nostrum

381 2365 457 2416 esse.
483 2349 556 2415 Nam
581 2348 694 2416 Clrristi
721 2348 816 2415 verba
838 2347 876 2414 ad
900 2348 970 2414 illos
993 2365 1026 2415 se
1059 2346 1249 2426 dillunduut,
1282 2347 1336 2433 qui
1369 2355 1607 2414 sacramentum
1686 2319 1687 2366 ¹

222 2469 243 2510 t·
257 2467 306 2564 cg·
323 2467 356 2520 tt,
383 2455 578 2540 participant,
600 2474 659 2522 oon
683 2455 721 2522 ad
745 2455 832 2522 alios.
851 2454 980 2522 Proinde
996 2455 1140 2521 Christus
1154 2454 1238 2540 apud
1258 2455 1386 2521 Paulum
1408 2458 1436 2520 l.
1454 2455 1525 2521 Cor.
1547 2455 1606 2518 ll:

299 2552 305 2564 '
384 2563 652 2650 Quotiescunque,
670 2563 798 2649 (inquit)
816 2559 972 2639 biberitis,
988 2558 1088 2646 sorite
1104 2561 1140 2626 in
1163 2562 1228 2628 mei
1250 2563 1605 2628 commemorationem.
1686 2658 1687 2727 1

474 2989 516 3055 En
539 3006 603 3074 quo
627 2988 805 3073 prorumpit
828 3005 918 3054 canera
943 2987 1172 3054 haereticorum
1189 2985 1358 3064 temeritas,
1375 2985 1429 3072 qui
1455 3005 1518 3053 nou
1535 3003 1607 3054 ron·

384 3095 470 3174 tenti,
494 3095 606 3162 missae
629 3094 784 3162 lruotilrus
817 3094 965 3180 spoliasse
1001 3094 1096 3172 vivos,
1127 3093 1219 3161 etiam
1257 3099 1398 3160 mortuos
1429 3095 1481 3178 (ut
1503 3099 1552 3162 est
1576 3092 1606 3158 in

383 3201 563 3288 proverbio)
588 3199 799 3287 iugulantes¹,
822 3201 946 3268 eosdem
970 3219 1097 3287 quoque
1120 3199 1276 3268 delunotis
1291 3199 1415 3285 eripere
1439 3209 1605 3268 conantur.

382 3311 419 3375 at
441 3309 518 3375 nihil
543 3317 646 3374 tarneu
672 3307 836 3386 miramur,
861 3327 915 3375 vos
939 3327 999 3374 non
1025 3325 1138 3393 negare
1161 3307 1247 3374 huno
1272 3307 1454 3388 articulum,
1479 3307 1533 3374 sed
1560 3305 1607 3372 in·
1686 3327 1687 3338 ¹

383 3433 483 3500 genua
507 3413 595 3482 lateri
622 3424 761 3481 vestrum
785 3433 862 3482 esse.
887 3415 962 3481 Nam
986 3431 1027 3481 ex
1051 3414 1183 3481 articulo
1206 3413 1352 3499 proxime
1384 3411 1606 3481 antecedenti8

269 3509 274 3520 '
384 3521 531 3588 continuo
554 3521 708 3608 sequitur,
732 3521 985 3607 quandoquidem
1016 3539 1053 3588 eo
1088 3520 1223 3606 negastis
1247 3521 1371 3588 missam
1396 3537 1464 3588 esse
1487 3519 1607 3588 sacrifi·

384 3629 478 3695 oium.
504 3627 573 3707 Sed,
596 3647 661 3715 quo
685 3628 807 3695 tandem
842 3637 1038 3714 argumento,
1062 3647 1145 3696 nuno
1175 3627 1351 3695 audiamus.
1373 3612 1530 3712 'Quoniam
1556 3626 1606 3693 illa

384 3734 497 3801 Christi
523 3735 628 3815 verba,
653 3735 791 3822 inquitis,
817 3743 883 3802 tum
918 3735 1000 3820 apud
1034 3736 1157 3814 Lucam,
1193 3742 1262 3802 turn
1292 3735 1376 3821 apud
1410 3735 1551 3814 Paulum,
1576 3733 1605 3799 in

447 3867 457 3888 '
479 3867 661 3916 «mosontio»
681 3869 755 3916 deest.

826 2771 913 2858 (186)
937 2770 1114 2843 enuntio
1130 2773 1156 2840 ¹¹.

388 4023 652 4034 ——n—n-——

457 4147 466 4178 ¹
485 4151 546 4202 Ass.
567 4148 628 4200 tae:
649 4147 761 4200 lllssatio
776 4160 829 4215 pro
849 4145 915 4201 oie-rs
933 4150 958 4201 et
976 4145 1107 4215 &sanetis
1134 4155 1160 4200 et
1188 4161 1236 4212 pro
1263 4147 1359 4215 quavis
1383 4145 1537 4200 necessitate
1558 4159 1605 4198 non

385 4237 468 4291 aliena
487 4243 526 4290 est
543 4251 558 4289 a
577 4235 678 4289 Christo
696 4236 816 4303 adeoque
836 4249 920 4303 neque
939 4236 1020 4302 impin
1039 4250 1125 4303 neque
1143 4236 1346 4303 exterminanda,
1367 4243 1395 4288 ut
1412 4235 1534 4303 quisquis
1550 4245 1606 4288 euro

385 4341 400 4379 e
418 4325 506 4379 medio
524 4325 663 4388 sustulerit,
681 4325 847 4378 antichristus
865 4326 956 4378 existat
983 4326 1161 4392 vivorumque
1189 4328 1415 4394 ntortuorumque
1443 4321 1605 4392 interfector,

385 4413 482 4484 quibus
501 4415 590 4479 uitam,
609 4414 749 4480 Cliristum,
768 4417 872 4468 autene
890 4414 1004 4468 molitur.

456 4501 569 4569 'Supra
590 4503 652 4556 aot.
