3364 5092
521 360 650 410 TERTIUS
673 360 880 409 conbntsstts
1252 343 1309 409 llll

84 484 313 552 Verumtamen
339 503 400 552 non
424 484 538 553 desunt
561 485 651 552 nobis
675 485 823 552 historiae
846 485 886 553 ab
908 485 1092 553 auctoribus
1115 485 1175 553 lide
1201 485 1317 571 dignis-

83 591 170 658 simis
195 593 395 677 conscriptae
417 591 456 660 de
481 593 654 660 innumeris
678 592 838 659 miraculis
868 592 905 662 ad
939 602 1117 660 sanctorum
1152 593 1317 660 memorias

82 697 147 764 sire
172 707 383 766 monumenta
413 699 573 778 exhibitis
598 705 635 766 ut
656 699 724 767 sine
755 699 948 784 impudentia
971 717 1093 766 summa
1117 699 1222 784 negari
1255 717 1315 765 non

84 805 208 888 possint
232 806 347 872 omnia.
372 805 584 890 Quamobrem
609 824 671 872 non
703 805 795 873 modo
827 813 1007 873 sanctorum
1040 824 1110 874 ossa
1140 813 1172 873 et
1200 805 1315 873 redacti

81 929 120 977 ex
144 912 195 979 eis
222 912 380 997 pulveres,
405 931 515 979 verum
540 913 634 980 etiam
659 912 738 980 aliae
761 913 920 998 quaelibet
945 913 1084 998 ipsorum
1110 912 1245 979 exuviae
1268 930 1317 978 se·

82 1018 338 1088 rratissimornrn
362 1037 531 1105 corporum
548 1028 693 1088 contactu
710 1019 929 1098 sanctificatae,
945 1037 1002 1104 per
1019 1037 1098 1105 quas
1113 1027 1158 1085 tot
1181 1020 1318 1085 humano

82 1127 191 1208 generi
211 1126 363 1193 beneficia
376 1127 460 1194 Dens
476 1126 620 1212 largitur,
637 1125 727 1193 uobis
742 1127 827 1192 omui
844 1127 1030 1204 reverentia,
1047 1126 1167 1192 bonore
1182 1133 1213 1192 et
1228 1125 1316 1192 cultu

84 1218 330 1316 prosequendae
353 1237 436 1297 sunt.

175 1333 340 1400 Postremo
373 1333 458 1419 quod
491 1334 636 1411 adicitis,
671 1335 876 1401 iconoclastae
912 1333 1091 1413 miserrimi,
1120 1333 1268 1420 imagines
1299 1349 1479 1451 coeman

85 1440 213 1526 templis
247 1441 447 1519 amovendas,
483 1441 567 1527 qnod
591 1441 687 1527 vulgo
721 1441 873 1526 praebent
896 1441 1087 1507 idololatriae
1111 1441 1315 1518 occasionem,
1398 1417 1431 1453 '⁸'

85 1543 144 1610 illic
171 1545 339 1631 trepidatis
362 1547 489 1626 timore,
514 1546 573 1640 rabi
595 1567 662 1614 eon
685 1555 757 1613 erat
781 1547 889 1614 timor.
914 1547 1041 1613 Nullum
1065 1546 1149 1612 enim
1173 1545 1204 1612 in
1223 1563 1315 1614 vene·
1334 1566 1484 1620 eamear.

87 1652 209 1721 ratione
233 1661 426 1733 sanctorum,
450 1654 658 1740 reliquiarum
690 1661 721 1721 et
745 1654 915 1740 imaginum
945 1660 992 1720 est
1016 1653 1208 1720 idololatriae
1231 1653 1316 1738 peri-

85 1756 196 1824 culum
221 1759 260 1825 ad
286 1759 439 1826 Ecclesiae
463 1746 589 1827 sensnm
622 1767 652 1826 et
684 1758 898 1827 intentionem.
931 1759 1006 1826 Nam
1031 1758 1116 1825 haud
1147 1759 1316 1826 adoramus

87 1871 212 1932 sanctos
236 1865 284 1932 nti
308 1865 383 1933 deos
400 1869 421 1945 ¹,
446 1866 617 1933 secundum
642 1873 786 1933 naturam
811 1873 842 1933 et
857 1866 1034 1944 essentiam,
1059 1864 1088 1930 id
1112 1865 1196 1950 quod
1213 1865 1314 1932 solum

88 1978 170 2037 relat
202 1972 341 2058 primum
370 1971 506 2058 decalogi
538 1981 741 2058 praeceptum
773 1972 925 2040 adversus
961 1971 1165 2038 idololatriam
1189 1970 1228 2038 de
1251 1990 1315 2039 nno
1338 1992 1484 2048 normae

89 2075 150 2143 ileo
175 2079 307 2146 colendo
330 2075 424 2162 (tot)
447 2079 565 2146 datum.
590 2080 639 2146 Sic
662 2079 746 2146 enirn
763 2078 844 2146 inter
860 2080 919 2145 alia
935 2079 1068 2148 dicitur:
1084 2077 1158 2144 Non
1182 2074 1315 2144 hebebis

89 2183 163 2250 ileos
186 2185 314 2252 alienos
336 2203 451 2252 corona
477 2205 535 2252 me.
561 2187 596 2253 ht
620 2204 809 2254 veneramur
831 2187 877 2253 uti
908 2186 1008 2266 divos,
1040 2187 1099 2253 hoc
1123 2192 1180 2266 est,
1202 2185 1315 2252 divini-

89 2291 159 2358 tatis
184 2292 362 2378 participes
386 2301 417 2360 et
441 2300 575 2372 sanctos,
599 2293 629 2359 id
653 2300 710 2372 est,
736 2293 765 2358 in
781 2293 864 2359 bono
887 2293 1098 2372 confirmatos,
1118 2300 1151 2360 et
1167 2298 1314 2378 tanquam

90 2395 141 2463 Dei
165 2398 284 2466 amicos
307 2407 338 2466 et
362 2398 475 2467 iratres
498 2400 613 2467 Christi
638 2400 810 2467 secundum
834 2417 960 2467 caruem
984 2400 1114 2485 (quihus
1137 2399 1316 2467 nominibus

91 2501 154 2588 ipse
178 2505 349 2590 discipulos
372 2505 475 2573 adbuc
500 2507 529 2572 in
549 2511 633 2572 terra
649 2506 789 2573 viventes
804 2505 950 2592 dignatus
965 2507 1025 2588 est)
1042 2506 1235 2584 invocamus
1252 2523 1314 2570 non

91 2617 125 2674 ut
148 2612 207 2697 ipsi
232 2611 322 2678 nobis
346 2612 486 2680 tribuant
508 2613 640 2698 gratiam
665 2620 696 2680 et
723 2612 864 2698 gloriam,
889 2613 918 2679 id
942 2612 1027 2698 quod
1058 2612 1156 2679 solius
1178 2619 1225 2679 est
1248 2611 1315 2690 Dei,

90 2716 142 2782 sed
166 2725 202 2785 ut
226 2718 310 2803 apud
334 2718 433 2786 Deum
459 2737 516 2804 pro
539 2719 639 2804 gratia
663 2726 694 2786 et
717 2719 816 2805 gloria
837 2719 926 2785 nobis
950 2718 1197 2803 patrocinentur,
1220 2717 1315 2804 idque

92 2839 146 2906 per
169 2827 272 2893 lesum
294 2825 456 2892 Christum
474 2825 601 2893 unicum
627 2826 827 2893 mediatorem
853 2825 1037 2910 primarium
1062 2825 1145 2892 inter
1168 2825 1267 2893 Deum
1285 2835 1316 2893 et

92 2929 246 2999 bominem
270 2939 366 3018 atque
388 2943 483 3018 caput
503 2939 682 2999 sanctorum
706 2933 857 3011 omnium,
881 2932 973 2999 cuius
997 2931 1053 3018 ipsi
1078 2938 1152 2999 sunt
1175 2933 1317 3000 membra

91 3043 120 3100 et
142 3037 366 3106 intercessores
389 3039 575 3105 secundarii.
601 3040 699 3123 Quam
719 3038 871 3105 Ecclesiae
894 3038 1097 3106 intentionem
1121 3039 1196 3106 satis
1217 3039 1318 3105 decla·

93 3159 161 3212 rare
185 3150 332 3231 poterant
356 3145 403 3212 vel
428 3145 498 3212 illae
529 3145 683 3213 solemnes
708 3145 841 3225 litaniae,
866 3144 927 3212 iam
952 3147 1024 3229 plus
1048 3145 1132 3212 mille
1155 3145 1245 3212 annis
1275 3144 1316 3211 ab

94 3247 225 3322 Ecclesia
249 3251 280 3318 in
305 3270 366 3319 usu
398 3253 532 3332 habitae,
569 3252 599 3318 in
631 3251 748 3338 quibus
778 3252 894 3320 dicitur
917 3252 956 3318 ad
988 3252 1107 3320 Deum:
1138 3252 1315 3319 «Miserere

93 3358 177 3428 nohis
193 3387 227 3438 ι,
250 3359 289 3426 ad
312 3367 436 3427 sanctos
460 3377 551 3427 vero:
581 3359 708 3427 «Orate
733 3379 790 3445 pro
813 3360 904 3426 nobis
920 3387 951 3440 a,
975 3376 1011 3427 ao
1035 3359 1178 3444 publicae
1200 3358 1316 3426 oratio-

92 3481 154 3546 nes,
176 3484 260 3554 quas
281 3467 425 3534 collectas
448 3467 615 3552 appeliant,
639 3473 747 3552 utpote
771 3485 883 3553 magna
906 3484 947 3534 ex
970 3473 1060 3551 parte
1083 3466 1122 3532 ad
1146 3466 1245 3532 Deum
1262 3483 1316 3550 pa-

95 3577 167 3640 trem
194 3580 357 3658 porrectae
381 3591 417 3641 ac
440 3591 497 3659 per
522 3575 621 3641 lesum
653 3573 813 3640 Christum
838 3574 1014 3653 conclusae,
1046 3581 1226 3641 sanctorum
1251 3590 1316 3640 me-

95 3677 157 3748 ritis
181 3680 392 3766 precibusque
415 3681 547 3766 gratiam
580 3688 611 3747 et
634 3681 765 3766 gloriam
798 3680 887 3747 nobis
911 3688 1083 3765 precantes.
1109 3681 1205 3748 Porro
1228 3679 1315 3766 quic-

94 3787 162 3868 quid
189 3787 319 3854 honoris
335 3795 431 3873 atque
455 3787 560 3854 cultus
577 3787 625 3854 vel
649 3786 791 3873 reliquiis
808 3787 857 3854 vel
874 3787 1063 3872 imaginibus
1078 3805 1096 3854 a
1112 3787 1202 3855 nobis
1224 3788 1315 3854 exhi-

94 3887 192 3973 betur,
217 3895 248 3959 in
274 3893 357 3979 ipsos
381 3893 518 3962 relertnr
541 3894 649 3961 beatos
665 3894 805 3980 spiritus,
823 3912 959 3980 qnorum
981 3895 1081 3980 gratia
1105 3894 1150 3975 ht,
1165 3894 1314 3981 quicquid

95 4193 205 4250 dormire
224 4197 354 4262 (licuntur,
374 4197 447 4265 quod
467 4197 518 4250 iarn
549 4199 714 4266 requiescant
739 4211 753 4250 a
782 4197 917 4251 laboribus
941 4198 1004 4260 siris,
1023 4197 1096 4264 quod
1115 4196 1209 4251 blanda
1228 4197 1316 4265 quiete

95 4293 209 4339 rretrrnae
229 4285 354 4340 felicitatis
373 4289 540 4352 pertruuntur
558 4295 606 4340 etc.

160 4375 252 4430 ¹Ast.
272 4376 337 4428 lt'l:
357 4374 491 4445 Imagines
518 4389 653 4444 nunquam
677 4375 791 4430 deorum
817 4375 872 4430 eice
898 4375 1000 4428 habitae
1025 4383 1085 4428 sunt
1108 4375 1142 4428 ub
1165 4377 1316 4430 orthodoxis

95 4465 168 4528 reris,
188 4463 235 4516 sed
265 4465 299 4516 ita
326 4465 478 4530 permissae,
504 4464 539 4516 nti
565 4465 591 4517 in
616 4467 788 4530 archetypum
815 4479 862 4517 nos
887 4465 983 4517 ducant
1007 4478 1109 4531 nosque
1131 4471 1316 4520 commoneant

95 4553 224 4616 praeclare
243 4559 377 4617 gestorum
397 4553 501 4632 piorum
523 4553 667 4620 hominurn,
687 4554 807 4621 adeoque
826 4567 913 4620 neque
931 4553 1151 4607 exterminandae.
