3390 5096
547 321 676 370 ranrrus
698 321 904 371 cononessus.
1276 305 1337 372 l87

115 443 196 510 dum
218 443 249 512 in
272 445 375 531 capite
400 444 495 513 huius
525 446 608 513 tertii
640 449 852 532 congressus¹
875 447 968 514 etiarn
1003 447 1271 533 praemonuimus.
1295 483 1337 498 -

113 551 206 636 Quod
235 557 341 619 autem
365 549 457 635 (157)
480 552 680 640 subiungitis,
717 560 820 621 vestro
854 552 973 622 scilicet
1005 571 1103 634 more,
1138 552 1223 621 alind
1258 554 1339 622 inter

113 665 238 726 vestros
260 659 386 746 publice
407 667 545 746 agentes,
568 660 654 727 aliud
685 659 830 746 privatim
862 660 946 747 apud
970 661 1088 729 iudices
1121 661 1256 729 accusati
1289 678 1339 729 re-

112 764 313 850 spondentes,
336 783 499 852 nunquam
523 784 579 834 vos
601 766 755 847 docuisse,
778 785 886 835 omnes
909 769 1064 835 Romanae
1080 766 1233 836 Ecclesiae
1248 783 1339 854 prae·

112 869 199 938 sides
219 889 237 938 a
260 871 456 958 temporibus
478 874 694 960 Apostolorum
718 872 920 942 antichristos
942 874 1048 954 luisse,
1065 873 1117 940 sed
1135 874 1204 942 illos
1226 873 1339 954 solum,

111 995 197 1063 quos
218 977 300 1046 lacili
322 997 420 1064 opera
443 979 582 1066 probetis
605 997 647 1048 err
670 997 781 1048 eorum
804 980 949 1062 decretis,
974 981 1106 1048 vetustis
1128 980 1286 1048 chronicis
1307 986 1341 1048 et

111 1083 202 1150 aliud
224 1085 254 1152 id
277 1102 380 1171 genus
402 1087 537 1174 scriptis,
553 1086 639 1154 aliud
659 1087 804 1154 docuisse
825 1094 882 1154 aut
904 1105 989 1155 nunc
1004 1085 1127 1167 docere,
1143 1104 1238 1173 quarn
1255 1085 1339 1172 quod

110 1190 230 1258 Christi
253 1191 416 1260 doctrinae
438 1193 479 1260 sit
501 1201 762 1261 consentaneum:
786 1231 831 1243 -
854 1194 955 1280 primo
978 1193 1082 1274 dicite,
1107 1211 1162 1260 uos
1190 1192 1285 1260 morni
1308 1199 1340 1260 et

111 1298 233 1364 critici:
257 1299 317 1383 Qui
342 1305 463 1366 constat
486 1300 570 1368 istud
594 1317 667 1368 cum
692 1317 740 1380 eo,
763 1300 847 1387 quod
871 1300 909 1368 ad
942 1301 1081 1386 primurn
1117 1298 1340 1386 respondentes

111 1405 286 1472 articulum
309 1405 444 1486 dixistis,
469 1425 631 1493 nunquam
655 1425 717 1474 nou
740 1425 850 1475 errare
873 1413 1012 1474 nostram
1036 1407 1202 1474 Ecclesiam
1219 1407 1257 1472 't
1279 1406 1340 1472 Nos

112 1529 228 1598 nempe
250 1520 347 1598 caput
370 1519 402 1580 et
417 1521 549 1581 matrem
570 1512 770 1600 agnoscimus
792 1516 959 1582 itomanam
985 1514 1168 1592 Ecclesiam;
1192 1529 1291 1600 quare
1314 1512 1339 1580 si

113 1619 194 1686 haec
218 1636 342 1705 semper
367 1619 589 1700 hallucinetnr,
613 1639 676 1707 qna
707 1621 828 1689 ratione
851 1639 935 1688 nunc
967 1627 1113 1707 hnquam
1142 1622 1341 1687 immemores

113 1725 212 1792 vestri
236 1725 393 1806 adseritis,
423 1727 591 1795 nonnullos
622 1734 744 1794 tantum
776 1727 939 1794 Pontifices
963 1728 1116 1794 Romanos
1142 1725 1238 1794 luisse
1261 1725 1340 1792 anti·

113 1831 263 1912 christoe,
286 1839 319 1900 et
341 1852 360 1899 a
386 1833 502 1901 Christi
536 1833 700 1920 Evangelio
721 1834 918 1902 dissentanea
940 1833 1107 1901 docuisset
1130 1840 1166 1900 ut
1189 1831 1240 1900 hic
1262 1849 1340 1919 quo

112 1956 178 2024 que
204 1939 293 2006 vohis
316 1939 431 2008 iterum
456 1940 599 2009 occinere
631 1941 721 2009 liceat
745 1941 946 2008 llcratianum
972 1940 1048 2007 illud
1079 1941 1120 2008 ab
1142 1940 1230 2006 initio
1253 1939 1342 2006 vobis

113 2044 294 2114 obiectum:
317 2048 387 2133 Quo
411 2052 531 2115 teneam
556 2047 638 2114 nodo
660 2053 834 2115 mutantem
858 2047 969 2114 Protea
991 2047 1133 2116 uultuml
1156 2083 1200 2096 —
1225 2044 1341 2114 Deinde

112 2151 199 2235 qnod
225 2152 251 2220 si
277 2169 330 2220 res
352 2151 429 2220 adeo
444 2153 543 2220 facilis
566 2153 679 2239 negotii
705 2154 745 2220 sit
768 2153 914 2238 probare,
930 2153 1099 2220 nonnullos
1115 2154 1269 2220 Romanae
1285 2152 1341 2218 Ca-

114 2258 247 2327 thedrae
270 2259 425 2327 antistites
446 2259 589 2327 doctrina
619 2277 677 2328 sua
700 2261 747 2327 vel
779 2259 853 2327 olim
877 2259 972 2327 luisse
997 2259 1044 2328 rel
1075 2259 1246 2327 etiamnum
1274 2275 1341 2326 esse

113 2366 330 2444 antichristos,
353 2383 412 2433 cur
436 2385 497 2434 non
520 2366 693 2446 ostenditis,
717 2384 775 2434 cur
792 2385 853 2433 non
877 2365 1004 2445 docetis
1029 2374 1064 2432 ut
1080 2365 1120 2434 sit
1142 2365 1192 2432 cui
1216 2383 1342 2450 respon·

113 2469 271 2539 deamnst
301 2471 371 2553 Sed,
395 2473 448 2558 qni
482 2489 549 2540 mos
572 2479 676 2540 nester
699 2481 757 2552 est,
782 2472 992 2558 hyperbolicis
1019 2471 1192 2540 istiusmodi
1216 2470 1341 2539 menda-

115 2578 172 2647 ciis
194 2577 359 2646 credulam
383 2579 504 2664 plehem
522 2579 598 2647 tanti
622 2578 748 2647 domino
763 2597 822 2647 suo
845 2580 913 2647 lesu
935 2579 1059 2648 Christo
1075 2585 1267 2646 constantem
1285 2578 1341 2645 mi-

115 2683 295 2752 serabiliter
317 2684 481 2752 abducitis.
507 2685 595 2753 Nunc
618 2703 694 2752 vero
717 2684 801 2772 quod
824 2685 926 2753 dicitis
950 2692 1082 2765 tantum,
1106 2684 1183 2751 nihil
1207 2683 1342 2770 proban·

115 2797 172 2870 tes,
184 2808 245 2858 nos
260 2808 336 2858 vero
352 2808 423 2858 cum
443 2797 507 2858 tota
522 2791 576 2859 Dei
595 2791 730 2859 Ecclesia
744 2791 903 2859 Catholica
918 2791 1170 2870 contradicimus,
1187 2791 1281 2877 idque
1298 2796 1343 2856 tot

114 2899 298 2966 seculorum
314 2899 591 2984 praescriptionem
616 2898 784 2978 babentes;
801 2899 865 2966 utri
889 2899 970 2984 parti
993 2899 1092 2966 maior
1108 2897 1185 2966 lides
1201 2896 1343 2964 habenda

115 3005 165 3084 sit,
189 3005 265 3092 quis
287 3005 426 3072 nesciat?
451 3005 536 3072 llaud
560 3005 651 3072 nohis
673 3005 751 3072 clarn
769 3012 827 3085 est,
850 3004 1033 3092 signiferum
1059 3012 1181 3072 restrae
1201 3003 1343 3071 lectionis

115 3111 153 3177 tl.
172 3112 351 3179 lutherum
374 3110 471 3178 hrisse
493 3111 621 3197 quidem
637 3118 782 3179 conatum
800 3111 976 3190 ostendere,
992 3111 1143 3178 nonnulla
1159 3109 1341 3178 Pontificum

115 3217 244 3286 decreta
267 3235 409 3304 pugnare
433 3235 505 3285 cum
531 3218 696 3304 Evangelio
718 3217 832 3285 Christi
856 3236 893 3285 eo
917 3218 947 3284 in
973 3217 1062 3295 libro,
1086 3235 1150 3303 uuo
1173 3217 1343 3284 sceleratis·

116 3325 215 3392 simae
238 3322 463 3391 combustionis
479 3341 554 3390 suae
570 3323 768 3391 decretorum
785 3341 896 3392 causas
919 3322 1050 3390 reddere
1066 3323 1205 3390 tentavit.
1224 3323 1345 3389 Verum

117 3449 212 3516 quam
238 3429 350 3516 frigide
374 3430 527 3498 rationem
552 3431 684 3498 incendii
710 3431 757 3498 sui
782 3430 984 3516 praestiterit,
1011 3430 1264 3497 doctissimorum
1297 3429 1342 3495 ri-

119 3555 230 3605 rcrnm
254 3554 351 3622 opera
382 3537 436 3604 toti
469 3537 529 3603 iarn
562 3537 630 3604 orbi
660 3537 848 3624 patefactum
880 3543 936 3604 est.
962 3536 1040 3603 lllud
1068 3535 1160 3602 modo
1190 3535 1280 3602 nohis
1310 3535 1341 3602 in

118 3645 304 3712 uniuersum
327 3639 418 3726 (158)
441 3643 559 3712 dixisse
583 3645 742 3712 sulleceril
769 3643 800 3710 in
834 3643 1018 3728 praesentia,
1049 3643 1132 3729 quod
1165 3647 1217 3726 (ne
1240 3641 1340 3708 dicam

119 3757 188 3834 post
205 3735 424 3835 Apostolorum
442 3759 584 3836 tempora
600 3751 762 3818 Pontifices
778 3751 931 3817 Romanos
954 3756 986 3816 et
1007 3749 1160 3834 martyrio
1179 3767 1237 3834 pro
1252 3748 1342 3815 Chri·
1384 3823 1386 3833 Ι

119 3857 155 3922 sti
180 3855 308 3924 nomine
331 3863 496 3944 coronatos
518 3864 550 3924 et
572 3857 735 3924 miraculis
756 3856 797 3923 ab
819 3873 856 3923 eo
874 3863 939 3922 turn
965 3855 996 3922 in
1021 3855 1083 3921 vita
1106 3861 1172 3922 tum
1194 3855 1223 3921 in
1242 3861 1342 3923 morte

121 3959 305 4044 illustratos)
324 3958 430 4032 nullm
453 3959 576 4032 omnino
598 3961 752 4033 Ecclesiae
775 3961 932 4032 Romanae
954 3958 1079 4049 praesul
1103 3961 1218 4046 (caralis
1241 3961 1343 4046 qualis

121 4069 245 4138 tandem
276 4069 343 4154 ipse
375 4071 437 4136 vita
460 4070 501 4138 sit
523 4087 559 4137 ac
592 4069 750 4148 moribus;
776 4067 908 4136 iudicem
933 4085 1026 4136 sunm
1060 4066 1155 4134 hahet
1185 4075 1341 4152 pastorem

121 4177 306 4259 pastorum),
329 4175 427 4244 donec
450 4177 607 4244 Romanos
630 4183 733 4243 manet
757 4174 896 4243 Pontifex
921 4177 1040 4258 (manet
1062 4180 1167 4241 autern
1191 4173 1341 4258 qrramdiu

121 4281 220 4354 hdelis
236 4286 307 4367 est),
324 4279 474 4353 aberrare
497 4281 600 4373 potest
622 4281 656 4352 iu
679 4283 780 4352 causis
803 4279 957 4353 Ecclesiae
972 4298 1009 4350 ae
1024 4274 1096 4349 fldei
1113 4277 1154 4348 ad
1170 4277 1342 4350 humanam

190 4519 199 4551 ¹
220 4523 305 4588 Supra
325 4520 368 4573 st.
1018 4509 1029 4543 ¹
1048 4513 1092 4566 88.
