3378 5082
244 343 386 392 HISTORIA
410 343 656 392 consummatis
680 345 717 392 ΕΤ
742 343 919 393 trudonem
941 343 1128 393 ohscntrrto.
1276 325 1296 393 3

91 481 144 542 que
164 474 301 528 accurate
324 467 501 530 translatum
523 467 672 529 continet:
707 467 802 546 prius,
823 468 894 546 quia
918 483 977 529 noo
1004 485 1120 547 paucos
1151 468 1298 530 articulos

91 573 186 633 omittit
207 574 265 634 aiio
287 589 381 652 opere
411 573 523 636 Daoico
552 590 632 636 nurrc
659 573 778 652 perdito
806 581 960 651 tractatos,
988 575 1038 636 cui
1069 575 1174 637 tituius
1202 583 1296 637 esset:

95 679 278 758 ·Erpiicatio
293 688 323 742 et
338 680 487 742 contessto
503 679 571 742 iidri
586 681 593 711 ¹
607 701 636 752 ·;
659 682 819 759 posterius,
841 680 925 760 quod
940 699 997 743 rron
1015 690 1076 743 tam
1091 682 1183 743 iatiua
1205 698 1298 762 quam

91 783 191 848 Danioa
211 787 461 848 concionatorum
484 786 727 849 Lutheranorum
750 803 894 866 responsa
925 786 1083 850 refutanda
1112 794 1297 867 susceperat.

158 891 240 964 Ouod
264 909 337 954 rero
359 892 397 954 ad
419 895 516 972 ipsam
540 891 670 954 latinam
691 891 935 974 confutationem
950 894 1066 966 attinet,
1080 895 1215 957 omnium
1231 909 1299 957 oon·

90 1014 170 1059 seusu
191 1016 248 1061 non
271 1000 330 1060 iam
353 1007 451 1061 exstat
473 1000 569 1077 ipsius
590 1000 726 1062 auctoris
754 999 987 1078 autoruapimm,
1017 1001 1069 1061 sed
1092 999 1153 1062 duo
1182 1007 1299 1062 tautum

90 1105 114 1164 in
136 1104 315 1168 bibliotheca
339 1106 421 1183 regia
444 1105 595 1167 Hainiensi
628 1106 823 1193 apographa„
837 1122 930 1168 1111111
954 1087 1050 1181 rrius,
1072 1114 1102 1168 et
1126 1113 1158 1167 ut
1181 1106 1301 1168 videtur

90 1219 379 1290 contemporaneum,
401 1213 495 1274 torma
519 1211 589 1274 ioiio
610 1212 707 1290 (Nora
729 1213 870 1274 coiicctio
891 1212 928 1274 N⁰
943 1215 1025 1290 750),
1047 1213 1176 1274 aiterum
1199 1228 1301 1275 recen-

91 1317 142 1376 tius
172 1319 327 1380 euidenter
357 1319 490 1397 opriori
521 1319 746 1398 transcriptum,
776 1320 870 1382 forma
893 1329 1001 1399 ortaria
1032 1320 1128 1397 (Nora
1161 1318 1301 1381 correctio

91 1421 121 1482 1·
142 1427 228 1504 1111)
243 1425 264 1488 ¹2

163 1531 201 1593 [te
223 1533 317 1612 priori
340 1531 406 1594 soio
427 1531 478 1593 hic
499 1535 625 1609 agimus.
648 1533 699 1593 Est
721 1541 821 1596 autem
837 1533 935 1596 codex
958 1534 1140 1596 chartaceus
1160 1541 1302 1595 constans

92 1639 144 1696 iiii
163 1637 238 1699 iniiis
260 1638 343 1700 nulio
365 1655 491 1701 numero
513 1638 664 1700 distinctis
693 1647 721 1700 et
745 1639 902 1701 involucro
932 1639 1165 1702 membranaceo
1199 1640 1238 1702 ita
1262 1639 1303 1700 io·

90 1745 168 1814 sutis,
188 1753 218 1806 ut
240 1751 343 1823 prartes
365 1745 520 1818 Breviarii,
541 1745 669 1825 quaein
697 1747 754 1808 hac
775 1745 951 1808 membrana
982 1747 1075 1808 reteri
1098 1747 1211 1825 scripio
1233 1752 1304 1808 sunt

91 1849 178 1912 iiteris
197 1851 356 1931 quadratis
378 1868 447 1914 cum
469 1853 534 1913 soni
556 1852 740 1932 qrrihusdam
755 1853 904 1929 signis-
920 1870 1001 1932 qrrac
1017 1859 1115 1914 tamen
1138 1853 1259 1914 duobus
1274 1852 1304 1914 io

93 1957 160 2018 ioris
179 1957 446 2020 desiderantur-
460 1976 518 2020 noo
542 1961 597 2020 nisi
621 1959 698 2020 iihro
715 1960 834 2020 inverso
852 1960 907 2038 tegi
924 1961 1050 2038 possint.
1064 1958 1093 2022 in
1111 1960 1207 2021 irontc
1223 1961 1304 2022 eius-

93 2064 154 2124 dem
176 2065 370 2127 membranae
391 2081 535 2143 supremo
558 2067 753 2128 inueniuntur
774 2066 869 2128 iiteris
901 2067 1031 2127 dirersis
1052 2073 1082 2128 ct
1105 2067 1163 2127 iam
1193 2065 1304 2146 partim

94 2171 191 2232 deletis
221 2173 336 2251 scripio
361 2171 451 2234 rerba
475 2173 566 2234 haec:
606 2173 745 2234 ·i)octor
767 2173 867 2252 poueii
891 2172 1107 2235 Weudehaahe
1129 2173 1138 2233 1
1162 2172 1231 2234 nrod
1255 2172 1305 2235 the

94 2277 253 2342 Luthershe
269 2304 297 2354 ι,
320 2279 338 2340 i.
360 2295 385 2339 c.
410 2279 520 2341 Ductor
543 2279 652 2342 Paulus
675 2288 852 2341 vertumnus
872 2287 977 2340 eontra
1001 2279 1198 2341 Lutimrnnos.
1222 2279 1306 2342 Puta·

93 2383 175 2446 hatur
195 2387 274 2448 euim
297 2384 404 2447 Frater
425 2385 536 2448 Paulus
557 2386 659 2447 Heliae
691 2384 862 2454 Carmenta,
884 2403 974 2466 quem
1005 2385 1168 2448 Luthrrani
1200 2393 1307 2448 coutu-

95 2492 209 2552 mciiose
237 2489 741 2570 «1111111111»ιρρειιὶιιιιιιιιι,
772 2499 825 2553 aot
846 2497 953 2552 auctor
985 2507 1051 2552 esse
1080 2491 1172 2552 huius
1204 2491 1308 2569 operis

94 2598 227 2676 -quod
251 2597 370 2668 iaisuor,
390 2630 431 2643 -
452 2605 504 2659 aut
525 2598 659 2659 auctoris
680 2598 878 2676 cooperarius
900 2599 1049 2677 operique
1071 2597 1108 2658 ad
1134 2597 1309 2676 impressio·

94 2719 156 2764 nem
179 2703 391 2782 praeparando
413 2703 637 2781 praeirctus-
651 2704 732 2783 quod
757 2704 948 2766 verissimum
970 2704 1032 2765 dici
1054 2703 1155 2778 dehet,
1175 2703 1307 2766 maxime

94 2825 158 2870 cum
180 2811 245 2888 ipsc
268 2809 378 2872 Paulus
400 2809 502 2872 iiciiac
525 2811 553 2870 in
575 2827 667 2888 supra
699 2809 821 2872 laudato
847 2811 1099 2890 «Episcoporum
1129 2826 1304 2889 responso·

95 2919 267 2978 1111111555
289 2916 328 2978 ah
350 2917 416 2996 ipso
439 2917 551 2980 Dariioe
572 2917 654 2978 edito
675 2916 767 2988 dicat,
782 2917 872 2977 etiam
896 2931 1076 2994 responsum
1099 2914 1225 2977 latinum
1248 2916 1308 2978 iam

95 3039 156 3084 esse
177 3025 216 3084 ita
238 3023 431 3094 adornatum,
453 3031 485 3084 ut
506 3022 554 3084 edi
578 3024 606 3083 in
630 3023 727 3084 iucem
751 3023 854 3100 possit.

169 3131 210 3191 ite
231 3129 441 3192 contumtone
463 3128 554 3190 latina
587 3129 714 3208 eiusque
746 3129 871 3190 historia
904 3135 933 3189 et
955 3145 1011 3191 usu
1035 3130 1095 3190 iam
1125 3146 1202 3190 norm
1232 3131 1309 3192 1817

97 3235 257 3314 disputarit
279 3235 469 3298 clarissimus
490 3235 536 3296 vir
556 3236 605 3297 Dr.
628 3234 718 3297 thcoi.
740 3234 770 3296 C.
793 3236 824 3296 T.
846 3234 1013 3312 Engeistoit
1033 3235 1213 3315 addiditque
1240 3251 1312 3311 uua·

98 3347 159 3404 tuor
178 3343 347 3422 specimina
365 3342 499 3420 longiora
516 3340 766 3404 commentationi
789 3357 863 3404 suac
878 3340 899 3416 ⁸,
924 3359 983 3422 qua
1012 3367 1024 3395 ι
1041 3342 1231 3422 praeluditur
1246 3357 1313 3405 coe·

162 3639 170 3669 ¹
194 3639 286 3692 «Wor
304 3639 416 3691 christon
436 3637 499 3690 trois
517 3637 699 3690 rudcrschede
717 3640 766 3689 och
787 3636 952 3690 hekicndcise
965 3659 989 3690 ι.
1012 3667 1046 3676 -
1073 3639 1108 3690 hc
1135 3639 1204 3691 hisce
1223 3635 1314 3692 libeliis

98 3730 127 3780 rt.
140 3729 165 3780 L.
179 3728 299 3792 schmitt,
318 3725 423 3780 Pardus
441 3724 532 3780 11111111
551 3727 594 3780 89.
615 3727 657 3778 91).
677 3733 703 3778 et
720 3724 907 3794 Verieidiprmp
921 3725 968 3780 der
981 3723 1055 3781 1111111.
1069 3725 1170 3780 dorm
1189 3725 1315 3781 1111111111-

99 3816 171 3870 mrt
190 3815 312 3882 (radah.
334 3814 412 3882 1899)
432 3815 474 3868 28.
494 3817 536 3867 29.
556 3815 645 3866 ao-ot.

162 3903 172 3936 ²
191 3907 264 3958 Nova
283 3904 402 3958 coiiertio
418 3926 455 3948 =
473 3903 512 3968 h'y
530 3904 646 3970 Samiing
664 3905 698 3956 11ο
711 3903 772 3955 730.
790 3905 833 3955 ioi.
851 3931 886 3943 -
906 3901 938 3955 d⁰
960 3903 1035 3966 itit,
1056 3903 1093 3955 4⁰.
1112 3905 1166 3956 Hoc
1185 3905 1316 3969 posterius

99 3995 277 4058 apographum
297 3993 349 4046 5⁰2
369 3991 479 4057 paginas
495 3993 609 4045 continet
621 3999 767 4044 accuratae
782 3991 862 4057 priori
876 3991 1017 4056 exscriptas
1029 4005 1089 4044 cum
1109 3991 1233 4045 omnihus
1245 4005 1316 4045 men·

99 4081 141 4134 dis
160 4085 194 4136 Ex
215 4083 256 4136 his
274 4081 388 4146 dttipens
405 4082 485 4134 lector
503 4081 614 4146 colliget,
634 4095 667 4134 oe
680 4087 755 4134 retus
766 4081 874 4148 quidem
887 4081 1020 4146 exemplar
1033 4093 1111 4146 posse
1123 4095 1181 4132 esse
1193 4089 1316 4146 autogra-

101 4173 184 4236 phum,
202 4171 269 4238 quin
289 4171 377 4236 potius
394 4168 485 4223 (iahed
504 4169 614 4234 scribae,
627 4169 672 4236 qui
686 4171 836 4235 imperfecte
849 4175 948 4222 tontum
962 4170 1049 4222 calluit
1068 4169 1183 4234 imgnam
1203 4170 1317 4224 tatinum.

164 4257 174 4290 ¹
193 4259 365 4312 Continentur
384 4261 448 4311 hoec
467 4258 492 4310 in
511 4259 707 4323 programmate
726 4257 911 4320 uniuersitatis,
933 4257 1005 4325 quod
1030 4258 1096 4309 hanc
1122 4255 1199 4308 hahet
1226 4257 1318 4310 inscri-

102 4349 225 4412 ptionem:
247 4347 314 4400 «dd
334 4359 468 4400 semorum
498 4347 522 4398 in
548 4347 627 4398 Dania
647 4347 847 4399 emendatorum
877 4345 1031 4398 memoriam
1055 4345 1097 4411 pic
1124 4345 1318 4400 recolendum...

102 4447 198 4490 coetum
213 4435 402 4490 Academicum
417 4434 508 4489 indicit
521 4435 698 4488 universitatis
709 4435 797 4500 regiae
811 4435 964 4488 hauniensis
976 4435 1070 4488 hector
1083 4434 1200 4488 adamus
1213 4433 1320 4488 01111111-

103 4527 221 4592 scotiam.
245 4524 311 4578 18⁴7
324 4544 350 4578 ι.
