3390 5096
390 297 455 361 208
706 315 903 365 corrruramo
926 317 1159 366 numunuaursur
1181 318 1299 365 nanim.
1504 371 1528 418 .

913 543 1090 635 Μῡῑῑο·
1681 637 1682 706 l

478 758 558 824 Sane
581 755 667 823 bunc
689 757 860 824 articulum
895 757 1011 843 oppido
1044 777 1139 844 qoam
1175 757 1321 825 lubenter
1351 758 1553 844 agnoscimus
1589 759 1618 824 io
1681 747 1682 776 ³

388 863 537 931 omnibus
560 863 626 930 suis
649 864 775 948 punctis
786 861 813 944 *,
836 869 873 929 ul
896 882 981 931 nuno
1004 882 1038 932 se
1062 865 1156 932 babet
1179 863 1325 931 missandi
1350 865 1434 930 ritus
1456 883 1545 930 more
1563 865 1619 930 llo-

389 988 483 1038 mano
504 978 536 1037 ot
559 969 672 1037 missae
694 969 815 1037 abusio.
840 970 918 1038 Eum
950 972 1033 1038 enim
1057 989 1188 1049 morem,
1212 971 1266 1056 qui
1298 979 1489 1056 sequnntur,
1511 969 1620 1036 denno

388 1077 526 1144 oderunt
548 1083 579 1143 et
607 1076 749 1162 pretium
785 1076 912 1143 solvunt
946 1095 1006 1162 pro
1040 1077 1203 1144 bominum
1241 1077 1384 1162 peccatis,
1417 1095 1478 1143 non
1513 1077 1619 1154 aliter,
1681 1071 1682 1086 ¹

388 1183 533 1269 quamsi
557 1181 703 1250 Clrristus
725 1182 830 1250 adbuc
854 1201 915 1249 non
947 1183 1058 1250 luisset
1088 1183 1233 1250 sublatus
1257 1184 1286 1248 in
1310 1200 1452 1262 crucem,
1475 1191 1532 1248 aut
1557 1201 1617 1248 non

388 1288 525 1375 perfecte
548 1288 671 1356 fecisset
694 1289 770 1356 satis
785 1307 844 1374 pro
858 1290 1007 1357 omnibus
1030 1291 1175 1376 peccatis,
1198 1289 1283 1375 quod
1309 1296 1410 1356 tamen
1436 1307 1509 1358 rem
1534 1288 1618 1365 iecit,

387 1401 425 1461 ut
449 1395 560 1479 probat
583 1395 747 1480 Apostolus
780 1394 818 1461 ad
851 1395 1006 1464 llebraoos
1037 1395 1161 1462 invictis
1183 1395 1387 1482 argumentis.
1414 1395 1450 1462 Et
1472 1395 1619 1462 Christus

387 1499 531 1568 simililer
555 1500 586 1566 in
609 1509 755 1568 extrema
777 1509 879 1568 morlo
903 1507 1035 1570 casatus
1058 1509 1105 1568 est
1120 1501 1245 1568 dicens:
1272 1501 1549 1568 Constemmotom
1574 1509 1619 1566 esi

387 1607 427 1673 lo.
455 1609 504 1672 19.
530 1607 661 1674 Proinde
683 1605 772 1674 lacile
796 1607 920 1693 cogitet,
936 1607 1081 1693 quisquis
1103 1607 1231 1674 omnino
1246 1602 1332 1690 (179)
1349 1625 1411 1674 non
1427 1613 1619 1674 excaecatus
1681 1663 1682 1670 ,

386 1721 444 1792 est,
468 1721 622 1799 quantum
648 1714 778 1800 peccati,
807 1711 936 1780 ultionis
970 1701 1094 1780 diviriae
1127 1721 1159 1780 et
1193 1711 1419 1780 maledictionis
1455 1711 1618 1779 siliculum
1681 1737 1682 1740 ¹

387 1819 445 1886 sibi
468 1826 646 1898 accersunt,
669 1819 723 1904 qui
749 1837 810 1886 non
834 1820 970 1887 contenti
1007 1827 1108 1886 morte
1139 1819 1266 1897 Christi,
1289 1818 1358 1885 aliis
1381 1818 1483 1886 modis
1507 1817 1619 1884 volunt

386 1932 549 2012 peccatum
574 1925 739 1993 redimere.
764 1927 843 1992 Sunt
866 1935 897 1994 ct
918 1926 997 1994 aliae
1020 1925 1138 1993 multae
1170 1925 1267 1992 buius
1301 1925 1414 1992 missae
1446 1924 1618 2010 papisticae

386 2031 642 2110 abominationes,
666 2031 785 2116 quibus
809 2033 839 2098 in
864 2033 1113 2118 praesentiarum
1138 2031 1389 2116 supersedemus.

906 2237 1094 2311 donbrlaiio.

475 2453 587 2522 Vestro
610 2471 697 2521 more
721 2462 875 2540 perpetuo
897 2453 998 2539 agitis,
1015 2472 1076 2520 nnn
1093 2454 1229 2521 conwnti
1246 2453 1364 2522 scilicet
1380 2453 1523 2521 inlandos
1541 2471 1614 2538 pro
1681 2399 1682 2452 ι

385 2559 467 2628 litori
491 2577 628 2640 errores,
652 2561 683 2626 in
708 2579 773 2646 quo
796 2560 890 2627 vestri
916 2561 1007 2627 istius
1030 2560 1185 2644 Evangelii
1210 2559 1354 2636 floribus,
1378 2560 1408 2627 id
1432 2569 1490 2640 est,
1507 2561 1616 2628 conri-

384 2667 441 2734 ciis
464 2665 588 2734 onmem
612 2667 785 2752 aspergatis
808 2665 1072 2751 confirmatisque.
1090 2668 1126 2733 dl
1142 2685 1216 2734 sanc
1232 2668 1307 2734 dum
1333 2667 1417 2734 bunc
1441 2667 1614 2734 articulum

383 2773 497 2858 oppido
520 2791 615 2858 quam
645 2773 789 2840 lubenter
812 2771 979 2857 agnoscitis
1003 2772 1032 2837 in
1057 2772 1203 2839 omnibus
1226 2772 1295 2840 eius
1320 2773 1445 2858 punctis
1460 2770 1504 2852 **,
1530 2771 1615 2840 baud

383 2879 457 2959 scio,
483 2897 558 2946 num
583 2879 655 2946 alibi
680 2881 805 2964 egregie
829 2878 928 2963 magis
952 2885 1087 2945 vestram
1112 2878 1156 2944 rei
1182 2878 1374 2963 theologicae
1390 2878 1614 2946 conscientiam

383 2983 531 3070 prodatis.
556 2984 685 3064 Verum,
702 2983 787 3070 quod
811 2983 961 3051 subditis:
990 3009 1006 3042 ι
1023 2991 1059 3050 ul
1082 3001 1167 3050 nunc
1190 2999 1224 3050 se
1247 2983 1343 3050 babet
1366 2983 1515 3052 missandi
1532 2984 1617 3050 ritus

382 3107 470 3157 more
495 3090 631 3156 llomaon
654 3097 685 3156 ot
710 3090 822 3158 missae
845 3090 956 3156 abusio
972 3115 1003 3168 i,
1027 3089 1187 3174 paulisper
1209 3089 1386 3168 audiamus,
1403 3090 1434 3156 in
1451 3108 1517 3175 quo
1533 3098 1617 3168 tum,

382 3196 495 3262 momis
518 3195 636 3262 scilicet
659 3195 726 3262 istis
749 3203 845 3282 atque
868 3195 985 3263 criticis
1006 3194 1209 3281 gravissimis,
1226 3194 1388 3280 displiceat
1411 3203 1519 3263 noster
1540 3195 1616 3262 mis·

382 3302 468 3370 sandi
495 3302 586 3382 ritus,
603 3309 658 3368 aut
683 3301 713 3368 in
735 3320 799 3388 quo
817 3301 910 3368 missa
924 3302 1075 3368 abutatur
1093 3302 1227 3368 llomaoa
1246 3300 1389 3368 Ecclesia.
1413 3303 1477 3367 cll
1493 3319 1569 3369 oum
1584 3327 1615 3379 n,

382 3407 522 3495 inquitis,
552 3435 567 3466 α
585 3425 703 3475 morem
729 3413 896 3493 sentientes
919 3414 950 3473 el
972 3407 1076 3474 denuo
1098 3407 1237 3474 oderunt
1267 3414 1300 3474 et
1322 3407 1460 3492 pretium
1485 3406 1616 3475 solvunt

381 3531 440 3600 pro
464 3513 627 3582 bominum
652 3513 797 3598 peccatis,
822 3512 951 3597 perinde
974 3531 1010 3580 ac
1033 3513 1057 3580 si
1083 3513 1228 3580 Christus
1250 3530 1313 3580 noo
1336 3513 1447 3580 luisset
1467 3514 1616 3581 sublatus

381 3621 413 3688 in
437 3639 577 3700 crucem,
593 3627 647 3687 aut
670 3638 730 3686 non
757 3619 892 3704 perlecto
909 3619 1031 3686 lecisset
1046 3621 1121 3687 satis
1137 3639 1196 3706 pro
1210 3620 1359 3687 omnibus
1375 3619 1522 3704 peccatis,
1539 3639 1615 3688 con-

381 3735 431 3794 tra
454 3727 654 3794 maniieslom
679 3725 793 3792 Christi
820 3725 1032 3792 testimonium
1056 3732 1087 3792 et
1109 3733 1249 3811 apertam
1276 3725 1360 3792 Pauli
1377 3721 1555 3792 doctrinam
1582 3725 1611 3791 io

381 3833 556 3900 Hebraeis»
585 3841 643 3900 etc.
668 3829 761 3896 -O
792 3831 948 3916 egregiam
980 3830 1222 3916 impudentiam!
1256 3851 1319 3916 qua
1351 3831 1475 3898 landem
1507 3830 1613 3898 ironic

381 3947 499 4016 uptam
524 3937 679 4005 iudicandi
704 3937 922 4003 auctoritatem
956 3937 986 4002 io
1015 3937 1115 4003 sacris
1147 3955 1297 4022 arrogare
1322 3937 1410 4005 robis
1433 3955 1494 4004 noo
1520 3956 1612 4006 rere

380 4043 467 4123 mini,
492 4062 564 4110 cum
589 4050 674 4110 tanta
698 4059 807 4110 rerum
831 4043 1077 4127 theologicarum
1103 4043 1268 4128 imperitia.
1293 4043 1368 4110 Nam
1393 4053 1428 4112 ut
1452 4044 1612 4128 primodo

380 4152 486 4236 priore
509 4150 627 4217 dicam:
653 4149 838 4235 Quanquam
863 4147 970 4216 eudem
996 4148 1097 4214 bostia
1127 4158 1174 4216 osi
1197 4151 1256 4232 (uti
1283 4151 1375 4218 modo
1397 4149 1555 4232 diximus)
1580 4152 1609 4216 in

380 4275 475 4324 cruce
498 4257 591 4324 semel
616 4257 731 4336 oblata,
755 4264 786 4322 et
809 4273 890 4340 quiue
915 4255 945 4321 io
970 4255 1065 4322 missa
1087 4255 1221 4323 ollerlur
1236 4257 1393 4342 qcrntidic3
1411 4264 1514 4324 umen
1532 4257 1610 4324 baec

442 4417 452 4436 “
470 4415 588 4476 periculis.

442 4497 466 4518 '⁹
483 4496 603 4557 periculis.
