3390 5096
372 312 436 378 aba
686 329 882 379 conrurnrvo
906 331 1137 379 uuruennrusru
1161 331 1278 380 oaurcr.

372 455 519 520 sumitur.
545 453 810 539 -Quapropter
839 462 875 520 ut
903 455 942 522 ad
976 463 1110 522 vestram
1135 456 1287 524 rationem
1311 457 1401 524 istam
1432 456 1605 542 aliqnando

372 567 531 626 revertar:
561 560 685 627 «ldissa
707 568 755 627 est
773 570 1012 628 monumentum
1036 561 1102 628 sive
1127 562 1277 628 memoria
1299 563 1442 629 sacrilicii
1468 581 1488 629 a
1511 563 1605 630 Chri·

371 672 420 732 sto
444 666 474 732 in
502 683 598 733 cruce
629 667 693 732 beo
724 667 804 751 patri
836 667 964 734 oblati»
993 705 1036 716 —-
1060 686 1170 734 verum
1195 668 1321 753 quidem
1353 686 1422 735 esse
1453 669 1604 747 latemur,
1684 743 1685 762 χ

371 780 413 850 at,
438 772 483 838 uti
508 789 592 838 nnnc
615 771 758 839 auditum
782 780 840 850 est,
872 791 932 838 non
965 780 1013 840 est
1043 773 1109 839 sola
1133 773 1294 852 memoria,
1318 774 1384 841 sive
1407 775 1494 841 nuda
1517 791 1607 841 corn·
1684 771 1685 806 ³

373 879 566 958 memoratio,
590 897 654 964 qua
684 878 899 946 sanctissimae
930 879 1084 965 passionis
1112 879 1287 948 dominicae
1319 880 1540 959 recordamur,
1575 881 1604 946 id
1684 901 1685 938 ι

370 985 455 1070 quod
478 1003 587 1052 omnes
609 985 775 1052 Christiani
801 986 870 1052 iure
902 994 1055 1070 perpetuo
1085 986 1188 1054 lacere
1222 986 1346 1065 debent,
1378 995 1409 1054 et
1440 987 1605 1072 quomodo

373 1091 555 1177 praesertim
589 1091 656 1158 laici
690 1091 957 1158 communicantes
988 1091 1162 1160 dominicae
1184 1089 1277 1176 (177)
1301 1094 1453 1179 passionis
1483 1113 1605 1162 inemo
1684 1127 1685 1184 i

372 1197 450 1264 riam
474 1197 609 1274 iaciunt;
635 1215 745 1263 verum
769 1197 862 1264 etiam
886 1199 1034 1264 solemnis
1056 1206 1104 1265 est
1127 1199 1373 1284 repraesentatio
1395 1217 1450 1266 seu
1470 1199 1606 1266 imitatio

371 1303 510 1370 eiusdem
533 1302 706 1370 dominicae
731 1304 882 1389 passionis
905 1321 960 1388 per
978 1303 1084 1382 verba,
1100 1313 1217 1390 gestus,
1236 1313 1338 1372 vestes
1359 1311 1391 1370 et
1406 1306 1605 1372 ceremonias

372 1428 432 1476 non
457 1410 583 1496 quidem
616 1411 709 1506 inse
741 1415 862 1476 tantum
895 1410 1080 1495 spectatae*
1103 1411 1141 1477 ad
1165 1411 1410 1496 compassionem
1442 1411 1605 1478 duntaxat

279 1513 283 1520 '
371 1515 568 1583 excitandam
587 1551 641 1594 -,
658 1515 688 1581 id
704 1517 788 1601 quod
804 1517 974 1600 quotanuis
997 1517 1077 1584 citra
1097 1517 1412 1584 missaesacrilicium
1430 1517 1531 1584 indie
1549 1517 1606 1584 Pa·
1684 1573 1685 1590 l

372 1639 515 1688 rasceves
531 1623 567 1688 ht
582 1621 613 1688 in
631 1623 765 1690 Ecclesia
780 1659 835 1702 —,
851 1623 905 1690 sed
926 1623 1171 1708 repraesentatio
1185 1631 1244 1701 est,
1259 1623 1399 1708 inquam,
1414 1641 1451 1689 ac
1468 1622 1606 1690 imitatio

370 1727 543 1795 dominicae
567 1729 720 1814 passionis
743 1728 966 1808 consideratae,
991 1737 1148 1815 quatenus
1178 1747 1234 1814 per
1258 1747 1327 1796 eam
1353 1729 1465 1808 virtus
1489 1730 1605 1815 gratia,

372 1834 520 1902 meritum
545 1843 576 1901 et
599 1835 701 1902 omnis
732 1836 861 1902 allectus
891 1835 1006 1902 Christi
1031 1835 1071 1901 ad
1101 1853 1159 1902 nos
1181 1835 1354 1913 derivatur,
1378 1843 1548 1921 promanat
1573 1845 1605 1902 et
1684 1919 1685 1922 Ἴ

372 1939 486 2020 induit,
511 1941 605 2027 idque
628 1959 700 2007 curn
725 1959 805 2008 nova
827 1951 859 2009 et
881 1941 1038 2009 oblatione
1061 1942 1176 2009 veteris
1200 1942 1285 2008 illius
1315 1942 1346 2008 in
1382 1959 1478 2009 cruce
1502 1941 1605 2008 laetae

371 2046 537 2113 oblationis
568 2053 599 2114 et
630 2047 769 2114 eiusdem
799 2048 918 2114 hostiae
950 2054 1017 2114 tum
1048 2047 1170 2114 oblatae
1199 2047 1354 2133 praesenti
1389 2047 1603 2124 exhibitione,

371 2151 456 2237 quod
480 2171 540 2218 nnn
566 2153 727 2239 sitneque
751 2153 818 2220 heri
843 2161 945 2240 potest
968 2153 1026 2220 nisi
1044 2172 1063 2220 a
1078 2154 1238 2221 sacerdote
1262 2153 1446 2238 Evangelico
1463 2153 1604 2238 legitime

371 2258 524 2339 ordinato,
549 2259 683 2326 habente
707 2259 769 2325 vim
794 2258 996 2326 consecrandi
1015 2277 1125 2327 verum
1141 2277 1258 2345 corpus
1273 2257 1478 2326 dominicum.
1500 2261 1605 2345 Atque

372 2371 472 2431 totum
498 2365 557 2432 hoc
581 2365 641 2432 iarn
665 2365 784 2432 dictum
809 2365 955 2433 Christus
978 2366 1044 2450 ipse
1068 2366 1254 2451 complexus
1269 2373 1316 2432 est
1332 2365 1476 2450 pauculis
1494 2365 1605 2432 verbis

371 2471 432 2538 illis
457 2471 507 2539 hic
531 2489 587 2558 per
611 2490 667 2540 vos
689 2472 832 2539 adductis
854 2472 992 2557 uiridem,
1016 2479 1047 2538 al
1072 2473 1266 2559 neutiquam,
1291 2480 1328 2538 ut
1349 2479 1485 2557 oportet,
1510 2472 1606 2538 intel·
1684 2489 1685 2532 v

372 2578 468 2645 lectis.
494 2579 558 2645 Non
583 2579 665 2646 enim
690 2580 791 2646 solum
815 2578 875 2644 ait:
900 2579 961 2645 lloc
985 2578 1271 2646 commemoramini
1297 2578 1362 2645 sive
1378 2577 1603 2654 recordamini,

203 2695 352 2753 tancmer
370 2691 403 2750 at
425 2684 517 2750 dicit:
542 2685 611 2750 Hoc
633 2683 735 2770 focile
758 2685 793 2751 c'n
817 2685 881 2750 mei
903 2684 1245 2751 commemorationem
1268 2685 1342 2752 Luc.
1367 2686 1419 2750 ab.
1444 2683 1527 2768 Quid
1546 2701 1605 2750 au·

372 2799 434 2856 tem
458 2791 603 2858 Christus
633 2791 767 2858 secema
790 2791 941 2869 Proiecto,
972 2798 1008 2857 ut
1037 2790 1231 2876 Evangelista
1263 2790 1367 2857 verbis
1401 2790 1604 2856 continenter

371 2896 626 2964 antecedentibus
649 2906 884 2976 commemorat,
908 2915 1020 2982 panem
1043 2904 1075 2965 et
1099 2896 1206 2962 vinum
1231 2897 1261 2962 in
1285 2913 1412 2963 carnem
1429 2904 1461 2964 et
1476 2896 1606 2982 sangui-

372 3019 442 3068 nem
469 3003 633 3088 proprium
658 3011 906 3082 consecraverat,
931 3003 995 3070 Deo
1019 3003 1098 3089 patri
1124 3003 1283 3070 obtulerat
1306 3010 1337 3070 et
1358 3001 1524 3087 discipulis
1549 3019 1604 3068 su·

373 3108 520 3175 mendum
546 3116 744 3194 porrexerat.
769 3108 885 3176 idcirco
913 3109 996 3195 qnod
1029 3109 1179 3176 continuo
1209 3109 1375 3178 subditur:
1406 3107 1474 3174 Hoc
1497 3105 1605 3194 facite
1684 3139 1685 3204 3

372 3215 407 3280 in
431 3215 495 3281 naci
517 3215 869 3294 commemorationem,
895 3215 1087 3283 tantumdem
1112 3217 1204 3294 valet,
1227 3233 1264 3282 ac
1287 3215 1312 3282 si
1328 3215 1468 3282 dicatur:
1485 3213 1604 3282 Conse·
1684 3205 1685 3210 ’

371 3329 467 3400 crate,
491 3321 600 3388 ollerte
623 3329 655 3388 et
678 3323 801 3389 sumite.
826 3323 879 3389 Est
901 3342 977 3409 ergo
1002 3323 1106 3401 missa,
1131 3323 1161 3389 in
1178 3340 1242 3408 qua
1258 3322 1319 3388 tria
1335 3323 1412 3389 haec
1427 3321 1520 3402 liunt,
1538 3339 1603 3389 non

372 3428 523 3495 memoria
558 3429 659 3495 solum
692 3428 776 3496 illius
810 3429 953 3496 sacrificii
989 3430 1104 3508 crucis,
1135 3429 1189 3496 sed
1221 3429 1326 3513 potius
1352 3427 1509 3514 quoddam
1536 3445 1604 3495 me

373 3535 502 3602 moriale
525 3534 654 3614 lachim,
678 3535 762 3621 quod
786 3536 888 3620 ipsum
914 3553 1041 3622 quoque
1065 3535 1254 3602 sacriticium
1271 3541 1328 3612 est,
1347 3540 1453 3619 utpote
1470 3551 1603 3619 reprae-
1684 3555 1685 3600 ;

371 3641 504 3706 sentatio
527 3647 623 3725 atque
645 3641 761 3707 oblatio
785 3661 865 3707 nova
888 3641 1036 3726 antiquae
1059 3641 1225 3708 oblationis
1249 3641 1279 3706 in
1297 3658 1352 3706 ara
1368 3639 1472 3706 crucis
1487 3639 1601 3717 laetae,

371 3765 444 3811 cnm
471 3747 606 3830 prasenti
631 3745 770 3814 eiusdem
797 3748 915 3814 hostiae
938 3747 1142 3824 exhibitione,
1167 3746 1260 3832 idque
1284 3764 1325 3812 ex
1349 3744 1549 3812 institutione
1564 3763 1602 3812 ac

372 3861 537 3936 praecepto
561 3853 676 3919 domini
703 3855 798 3920 nostri
826 3855 891 3920 lesu
916 3853 1031 3919 Christi
1047 3855 1069 3920 ¹.

434 3983 445 4002 ⁰
463 3985 577 4041 spectare.

370 4137 637 4149 -ι--ι-μ-

442 4240 450 4271 ¹
473 4241 555 4296 Erech.
576 4257 598 4295 c.
621 4245 661 4296 lb.
680 4241 736 4295 Gb:
756 4246 902 4297 institutum
922 4251 961 4297 est
981 4244 1149 4311 (snerilleinm
1170 4242 1274 4308 missae)
1295 4241 1326 4294 ils
1354 4241 1456 4295 verbis:
1483 4243 1540 4298 Hoc
1562 4243 1601 4312 su·

371 4330 420 4384 cite
440 4329 467 4384 in
486 4344 575 4383 meum
594 4333 885 4387 commemorationem.
904 4334 961 4399 Quo
989 4333 1046 4384 loco
1065 4332 1177 4384 verbum
1195 4331 1285 4401 [neore
1307 4331 1377 4384 haud
1397 4331 1542 4396 vulgariter
1561 4347 1600 4384 ae·
1684 4395 1685 4398 Ἴ

371 4419 475 4483 cipitur,
494 4434 548 4486 quo
568 4421 702 4474 indoctum
722 4423 819 4487 vulgus
846 4422 919 4484 solet,
944 4421 1160 4488 quandoquidem
1179 4421 1249 4474 idem
1275 4421 1414 4485 sigillum,
1436 4419 1508 4487 quod
1525 4436 1600 4490 ,ope-

370 4508 421 4558 rari
441 4521 524 4571 saera,
545 4509 626 4575 litare,
646 4509 793 4562 ministrare
812 4517 857 4564 aut
875 4510 1032 4564 sacrificare.
1050 4537 1084 4549 -
1104 4510 1139 4562 lh.
1158 4523 1182 4562 c.
1205 4509 1243 4562 tr.
1262 4509 1284 4562 G
1303 4508 1354 4563 5¹²:
1377 4509 1506 4574 Observa,
1525 4511 1599 4578 quod
