3390 5096
348 285 409 351 188
658 302 854 352 courmrrro
876 302 1109 352 umncaamsm
1133 302 1251 351 namur.

344 423 479 496 sulutem
500 424 692 514 hermeriis,
716 425 750 496 ot
772 423 896 517 quidem
918 423 1060 496 iudiciali
1083 423 1356 511 determinatione,
1373 440 1479 516 quam
1500 419 1581 492 aedis

198 549 273 596 mct-
287 547 321 594 «ὁ.
345 531 539 603 auctoritato
560 531 657 620 rure
681 533 776 620 idque
800 540 867 601 tum
883 533 924 601 oh
941 532 1109 600 veridicam
1125 533 1239 600 Christi
1259 532 1509 618 promissionem
1527 529 1581 595 Pe·

346 649 396 708 tro
418 641 542 720 iactam,
557 658 670 726 nempe
684 640 841 719 loturum,
858 646 894 706 ut
909 647 1017 726 portae
1033 638 1207 707 inferorum
1229 637 1382 706 adversus
1402 636 1581 705 Ecclesiam

222 765 274 810 uu
288 763 323 809 n.
346 746 433 814 nullo
456 752 597 832 tempore
620 745 847 832 praevalerent,
880 754 947 813 tum
977 745 1018 813 ob
1040 745 1197 813 efficacem
1225 744 1365 812 eiusdem
1396 743 1581 811 orationem

345 871 404 938 pro
427 852 535 921 eodem
558 852 671 931 lusam,
695 870 734 920 ne
757 850 883 937 qnando
907 851 984 920 fides
1000 852 1099 937 ipsius
1113 850 1269 920 deiiceret.
1297 851 1392 918 Error
1414 851 1506 917 enim
1526 849 1584 914 Ro

346 959 428 1026 mani
454 958 620 1037 horrificis,
645 965 793 1044 tanquam
820 958 1005 1026 universalis
1022 957 1174 1026 Ecclesiae
1197 957 1342 1044 pastoris,
1358 957 1458 1024 totins
1476 955 1583 1023 Eccle-

345 1066 409 1134 siae
432 1083 489 1151 per
512 1063 671 1152 sequelam
694 1083 786 1132 error
801 1064 891 1132 loret.
916 1064 1003 1132 Unde
1025 1065 1136 1132 heatus
1155 1063 1208 1132 ille
1230 1064 1345 1132 Christi
1367 1071 1496 1149 martyr
1521 1061 1582 1146 Cy·

346 1171 476 1257 priamus
499 1171 576 1239 nihil
600 1169 721 1238 veritus
743 1177 790 1238 est
814 1171 949 1258 ingenue
972 1171 1125 1258 proliteri,
1148 1169 1233 1257 quod
1256 1171 1294 1237 ad
1318 1171 1475 1238 Romanos
1506 1185 1582 1256 per-
1682 1175 1683 1212 l

346 1275 418 1344 lidia
441 1295 503 1344 non
528 1277 626 1362 possit
649 1277 765 1344 hahere
795 1294 967 1344 accessum.
992 1277 1028 1345 Et
1050 1277 1206 1364 gloriosus
1229 1275 1338 1344 doctor
1361 1276 1580 1361 Hieronymus
1682 1345 1683 1372 ,

346 1383 423 1450 nihil
447 1382 603 1452 dubitarit
634 1383 783 1463 scrihere,
807 1383 891 1470 qnod
921 1383 1033 1452 ilomae
1056 1383 1143 1449 nulla
1174 1383 1276 1468 primo
1299 1383 1401 1468 coepit
1431 1380 1580 1450 haeresis
1682 1387 1683 1470 l

346 1488 513 1576 pullulare.
537 1489 748 1574 Quamobrem
772 1491 797 1558 si
821 1491 852 1557 in
869 1490 928 1558 hoc
951 1507 1107 1570 erramm,
1129 1488 1214 1575 quod
1238 1490 1446 1556 Romanomm
1469 1486 1580 1555 Ponti·

346 1597 441 1664 licum
466 1597 605 1683 vestigiis
628 1605 757 1664 strenue
781 1596 955 1676 innitimur,
975 1596 1101 1664 decreta
1125 1595 1250 1662 illomm
1273 1596 1502 1681 amplexantes,
1530 1599 1580 1660 ul·

346 1709 419 1788 pote
441 1702 480 1768 ad
506 1701 718 1788 Evangelicam
735 1719 863 1789 quoque
885 1702 1057 1769 doctrinam
1083 1701 1280 1787 pertinentia,
1304 1699 1575 1788 quemadmodum
1682 1705 1683 1788 l

347 1808 377 1875 in
403 1807 505 1894 primo
528 1826 656 1895 quoque
679 1826 849 1895 congressu
868 1812 878 1849 ¹
901 1827 921 1875 a
944 1808 1033 1876 nohis
1053 1815 1213 1875 ostensum
1238 1815 1302 1887 est;
1327 1806 1460 1875 libenter
1483 1824 1577 1875 erra·

347 1932 429 1994 mus,
452 1933 520 1994 nec,
544 1913 648 2002 quoad
672 1915 824 1994 vivemus,
849 1915 933 1982 hunc
957 1931 1098 1982 errorem
1125 1913 1238 1981 animis
1266 1914 1381 1981 nostris
1402 1914 1492 1982 erelli
1518 1931 1578 2000 pa·
1682 1893 1683 1971 i

347 2019 474 2100 tiemur,
500 2021 593 2088 tantis
616 2021 765 2087 nimirum
782 2019 917 2087 ducihus
932 2020 1014 2088 ireti.
1038 2021 1113 2087 Nam
1130 2025 1162 2086 et
1183 2019 1365 2087 hmhrosius
1389 2019 1573 2105 magistram

347 2127 378 2193 in
403 2127 549 2194 omnibus
572 2145 605 2194 se
629 2127 795 2213 profitetur
812 2127 900 2213 sequi
919 2129 1086 2195 Romanam
1106 2127 1281 2195 Ecclesiam.
1306 2127 1342 2194 ht
1365 2127 1575 2212 llieronpmus

347 2233 408 2300 ait:
433 2234 462 2300 Si
480 2234 552 2320 quis
574 2232 747 2300 cathedrae
763 2233 843 2300 Petri
861 2234 1013 2320 iungitur,
1032 2251 1121 2302 meus
1143 2242 1208 2314 est;
1224 2241 1255 2300 et
1277 2233 1350 2301 alihi
1375 2233 1516 2302 scribens
1530 2229 1572 2298 ad

347 2337 516 2406 Damasum
541 2339 670 2424 Papam:
688 2338 864 2420 Emendari,
888 2339 1000 2426 inquit,
1017 2339 1162 2425 cupimus
1184 2358 1203 2406 a
1226 2347 1266 2419 te,
1290 2339 1344 2425 qui
1369 2339 1449 2406 Petri
1466 2339 1572 2407 sedem

348 2453 436 2513 tenes
458 2453 490 2512 et
513 2445 616 2512 iidem.
641 2445 773 2513 Proinde
797 2447 855 2515 hos
877 2453 1001 2514 sanctos
1024 2445 1076 2514 [lei
1102 2446 1246 2514 homines
1270 2447 1328 2514 hac
1344 2454 1433 2531 parte
1448 2445 1572 2512 imitan-
1682 2440 1683 2456 ¹

348 2559 396 2620 tes
426 2553 609 2638 neutiquam
633 2553 801 2632 credimur,
833 2571 890 2620 nos
920 2554 1131 2620 Romanorum
1163 2553 1346 2620 Pontificum
1380 2550 1572 2621 inhaerendo

349 2659 487 2744 vestigiis
509 2658 623 2728 Christi
649 2659 814 2746 Evangelio
829 2659 987 2727 adversari
1012 2677 1115 2746 neque
1129 2659 1273 2727 doctrina
1287 2677 1390 2746 neque
1413 2659 1571 2744 exemplo,
1682 2712 1683 2737 2

349 2765 502 2851 siquidem
526 2764 652 2832 decreta
667 2783 777 2832 eorum
801 2765 1005 2833 observantes
1020 2773 1115 2852 atque
1130 2765 1345 2851 praedicantes
1368 2764 1447 2832 nihil
1463 2771 1571 2832 contra

348 2871 463 2938 Christi
481 2871 681 2958 Evangelium
696 2872 743 2940 vel
756 2873 904 2940 docemus
917 2873 1109 2959 relegimus,
1123 2873 1168 2940 uti
1185 2872 1277 2939 modo
1289 2873 1364 2939 satis
1379 2871 1497 2940 dictum
1514 2877 1570 2938 est

620 3081 710 3169 (159)
734 3085 937 3153 terremus
960 3085 1122 3152 DEClhlUS
1145 3085 1297 3152 SEXTUS.

441 3299 519 3386 Ergo
542 3318 651 3368 omnes
675 3300 840 3386 Episcopus
863 3306 895 3366 et
917 3299 1093 3367 sacerdotes
1115 3299 1155 3366 ah
1178 3299 1223 3367 eis
1243 3298 1404 3367 ordinatos
1426 3315 1496 3366 esse
1518 3297 1573 3364 Pa-

350 3405 457 3490 pistas‚
481 3413 512 3472 et
536 3424 596 3473 non
621 3423 713 3474 veros
738 3405 790 3473 Dei
815 3405 1001 3473 sacerdotes.

875 3615 1049 3708 Responsio.

440 3835 528 3902 llunc
550 3835 719 3903 articulum
744 3853 800 3904 nec
823 3835 950 3902 omnino
967 3834 1137 3919 probamus
1152 3852 1210 3902 nec
1233 3833 1402 3913 relicimus,
1426 3834 1478 3902 sed
1496 3853 1574 3920 qua·

352 3940 389 4007 lis
411 3941 514 4027 qualis
536 3950 583 4009 est
606 3961 664 4028 pro
680 3951 787 4015 nostra
802 3943 943 4010 doctrina
967 3959 1028 4008 non
1044 3940 1252 4027 agnoscimus,
1268 3939 1413 4027 quamvis
1436 3941 1574 4007 maxima
1682 3971 1683 4036 p

351 4065 426 4132 pars
448 4047 656 4128 sacerdotum,
680 4049 734 4134 qui
758 4049 798 4116 ab
820 4049 866 4115 eis
888 4049 983 4116 creati
1008 4055 1092 4128 sunt,
1116 4048 1238 4133 reipsa
1262 4053 1417 4114 testantur
1441 4063 1474 4114 se
1498 4047 1574 4114 tales
1682 4081 1683 4135 p

351 4171 419 4220 esse
442 4161 473 4220 et
496 4154 573 4221 nihil
599 4155 713 4234 minus,
737 4171 831 4241 qnam
856 4171 947 4221 veros
969 4154 1083 4222 Christi
1108 4154 1295 4233 sacerdotes
1315 4171 1396 4239 quos
1418 4171 1455 4220 ea
1477 4152 1516 4220 de
1539 4170 1573 4220 re

352 4259 490 4344 Papistas
512 4259 655 4340 dicimus,
679 4261 761 4346 quod
782 4259 886 4345 impiis
902 4259 1140 4327 Romanensium
1159 4259 1341 4327 Pontificum
1357 4257 1492 4327 decretis
1507 4259 1572 4347 (qni
1682 4285 1683 4290 ¹

423 4490 433 4522 ¹
454 4493 539 4557 Supra
558 4491 601 4544 65.
621 4493 662 4544 66.
