3390 5096
525 333 653 381 renerus
676 331 881 380 cononessus.
1250 316 1314 381 ‘227

88 457 168 543 tegis
193 457 318 524 innatae
343 457 509 542 reparatio,
533 457 613 524 bans
636 475 763 544 quoque
779 456 860 524 idem
876 457 1062 524 confirmare
1079 457 1155 524 ouili
1172 456 1314 524 dubium.

87 564 166 630 Nam
192 562 371 631 sacerdotes
394 564 542 631 Mosaioae
566 564 641 650 legis
665 563 821 632 babebant
842 564 987 643 decimas,
1013 563 1227 650 primogenita,
1252 563 1316 648 pri-

86 671 207 749 mitias,
230 669 367 755 denique
398 677 503 756 partes
529 669 567 738 de
595 669 740 764 victimis
774 669 985 737 oblationibus
1018 679 1048 737 et
1079 669 1250 748 sacrificiis,
1277 668 1316 737 de

84 777 211 862 quibus
234 775 427 855 victitabant,
450 775 480 842 id
504 775 588 863 quod
611 795 652 843 ex
676 776 744 862 tege
766 784 798 843 et
813 777 975 862 prophetis
990 775 1101 862 opinor
1117 793 1184 844 esse
1201 775 1316 856 uotiua,

85 901 187 968 quam
206 889 243 950 ut
259 883 490 967 seripturarum
506 883 566 950 bac
577 883 617 950 de
632 901 667 950 re
685 883 750 950 toea
766 882 842 949 nulii
860 882 974 968 passim
992 900 1052 948 nnn
1069 882 1160 950 obvia
1175 889 1317 968 oporteat

86 989 262 1056 adducere.
286 989 379 1075 Quid,
415 989 499 1075 qood
535 989 646 1056 ieritiei
682 988 881 1056 sacerdotes¹
907 1008 967 1055 non
1000 989 1077 1056 baeu
1112 989 1212 1068 modo,
1235 1006 1317 1074 quae

86 1096 247 1174 diximus,
273 1095 441 1176 babebant,
473 1113 583 1162 rernm
618 1095 711 1164 etiam
744 1097 888 1182 proprias
917 1096 1036 1176 domos,
1060 1095 1156 1162 urbes
1178 1096 1317 1180 aliasque

88 1204 307 1288 mssassiooes
330 1203 370 1270 ab
394 1203 464 1270 aliis
493 1209 673 1289 separatas‘.t
697 1203 772 1270 Nam
803 1202 950 1270 dominus
972 1203 1011 1270 ad
1042 1205 1145 1270 Mosen
1170 1202 1316 1288 loquens:

89 1310 270 1395 Prueeipe,
295 1309 408 1396 inquit,
434 1309 514 1394 filiis
538 1309 654 1387 Israel,
680 1319 715 1375 ut
749 1310 825 1376 dent
855 1309 974 1376 Levitis
997 1311 1036 1376 de
1058 1307 1318 1395 possessionibus
1350 1322 1462 1420 ”tt-,b

86 1417 178 1495 suis,
203 1415 303 1482 urbes
325 1417 372 1484 od
396 1415 612 1483 dubitandum
638 1425 666 1482 et
689 1414 888 1482 suburbana
910 1435 1029 1482 eurum
1050 1435 1111 1502 per
1126 1414 1317 1492 circuitum,
1392 1407 1398 1420 '
1428 1409 1434 1420 '

89 1532 127 1588 ut
153 1523 223 1610 ipsi
245 1523 281 1588 in
305 1522 437 1610 oppidis
459 1531 627 1602 moneant,
650 1533 680 1589 et
702 1521 900 1589 suburbano
922 1523 989 1589 sint
1009 1521 1183 1608 peroribus
1206 1541 1247 1588 ne
1267 1521 1318 1586 itt·

89 1629 243 1696 mentis²
267 1637 326 1696 etc.
352 1629 446 1696 Erant
467 1635 572 1698 autem
593 1627 791 1696 sacerdotum
815 1629 929 1714 oppida
952 1627 1229 1714 (quemadmodum
1244 1625 1319 1693 sub

89 1753 233 1822 sequens
257 1735 298 1802 ibi
324 1741 432 1802 textum
456 1735 582 1817 indicat)
604 1735 698 1802 simul
723 1735 930 1821 qradraginta
952 1743 1031 1802 ooto.
1056 1734 1131 1800 Hinc
1148 1734 1238 1800 iuxta
1260 1733 1319 1799 boo

89 1841 214 1908 domini
240 1841 420 1908 mandatum
446 1842 532 1910 iosue
560 1841 674 1927 legitur
697 1841 894 1908 distribuisse
916 1840 1130 1908 sacerdotibus
1153 1848 1184 1906 et
1207 1838 1320 1906 baritis
1341 1853 1381 1902 u..
1395 1855 1478 1909 anu.

90 1949 211 2014 xbi'iii
234 1948 376 2015 civitates
398 1948 428 2014 in
454 1957 538 2016 terra
562 1947 775 2035 promissionis
797 1947 835 2014 ad
861 1947 1076 2025 habitandum,
1099 1954 1131 2014 et
1146 1949 1195 2030 (ut
1215 1946 1321 2013 Hiero-

92 2073 213 2140 nymus
234 2055 274 2122 ad
298 2055 451 2122 Fabiolam
474 2055 530 2136 ait)
553 2062 623 2122 ooto
645 2054 742 2122 miliia
775 2055 953 2121 heritarum
987 2053 1098 2120 alenda
1127 2053 1159 2119 in
1183 2053 1321 2139 singulos

92 2163 163 2230 dies
189 2169 329 2247 tempore
353 2161 429 2248 legis
451 2169 551 2241 eraut,
574 2170 669 2248 atque
695 2161 770 2228 baec
792 2160 918 2246 quidem
950 2160 1067 2227 nebant
1090 2161 1119 2226 in
1145 2179 1208 2227 una
1230 2165 1322 2245 gente
1370 2157 1374 2164 '

96 2269 222 2336 iudaioa
245 2275 277 2336 et
301 2275 386 2336 terra
409 2286 470 2335 nou
494 2267 660 2335 admodum
684 2267 828 2352 spatiosa.
853 2303 894 2317 -
920 2267 1089 2346 Postremo,
1105 2274 1142 2333 ut
1160 2266 1197 2332 ad
1223 2266 1322 2352 legem

94 2375 217 2461 gratiae
242 2374 374 2452 reniam,
399 2392 480 2460 quae
503 2373 675 2460 superioris
705 2373 872 2458 utriusque
901 2373 977 2459 tegis
1006 2380 1054 2440 est
1084 2371 1321 2452 consummatio,

96 2483 179 2548 bano
210 2498 340 2566 quoque
363 2479 394 2548 id
418 2481 520 2566 ipsum
545 2488 630 2548 tanto
654 2479 753 2566 magis
775 2479 979 2565 comprobare
1004 2479 1111 2566 tiquet,
1134 2487 1252 2564 quanto
1274 2497 1323 2545 sa·

95 2587 275 2654 cerdotium
301 2585 517 2673 Evangeiisum
542 2596 609 2654 tom
636 2586 742 2674 gentili
767 2594 834 2652 tum
867 2586 954 2672 legati
987 2586 1160 2653 sacerdotio
1190 2585 1323 2653 articulo

99 2694 193 2761 13.⁰⁸
217 2694 366 2780 superius
388 2711 457 2762 esse
479 2694 681 2762 ostendimus.
717 2694 823 2780 itaque
846 2693 1000 2773 Christus,
1026 2693 1224 2778 Evangeiisae
1249 2691 1324 2778 legis

95 2808 306 2880 suetonium
330 2801 437 2880 verbo,
454 2807 520 2868 tum
543 2801 689 2886 exemplo
713 2801 771 2867 boo
797 2807 905 2885 aperte
928 2799 1044 2880 dosuit,
1068 2817 1180 2886 nempe
1199 2807 1235 2866 ut
1258 2817 1323 2866 ser-

100 2909 221 2974 rieotes
247 2905 412 2993 Evangelio
433 2905 476 2991 (id
499 2907 581 2994 quod
605 2907 795 2974 sacerdotaie
819 2925 935 2974 inunus
957 2907 1017 2987 est)
1041 2906 1079 2973 de
1097 2906 1260 2992 Evangelio
1279 2905 1324 2970 ri-

97 3015 211 3081 ctitent
226 3017 250 3077 ⁴.
277 3013 351 3080 Nam
376 3013 534 3098 Apostolos
556 3013 788 3098 discipulosque
818 3031 893 3080 suos
919 3012 957 3079 ad
984 3013 1182 3099 Evangeiium
1206 3011 1323 3098 praedi·

96 3121 237 3188 randum
263 3120 425 3187 emittens:
451 3119 490 3184 ln
520 3138 762 3208 quamdamque,
794 3119 906 3204 inquit,
937 3119 1072 3185 domum
1105 3117 1321 3196 intraveritis,
1349 3135 1424 3234 uuir&
1439 3135 1473 3190 ro,

94 3227 251 3314 primum
274 3225 390 3292 diuite:
412 3244 484 3310 poa
507 3223 585 3292 bario
607 3225 741 3302 domui:
763 3233 795 3292 et
829 3243 903 3290 mox
934 3225 1036 3291 addit:
1061 3225 1101 3290 Iu
1124 3225 1234 3290 eudem
1258 3243 1321 3289 ou·
1340 3243 1392 3288 oue,
1401 3219 1461 3295 102³.
1470 3241 1491 3286 r.

97 3343 162 3401 tem
186 3333 285 3400 domo
307 3341 436 3399 monete
457 3333 581 3398 edentes
603 3341 632 3398 et
655 3331 805 3408 bibentes,
821 3351 906 3420 ptrue
928 3331 1022 3418 opud
1037 3331 1109 3398 illos
1124 3340 1214 3410 sunt,
1230 3325 1321 3414 (200)

96 3441 226 3528 diynus
248 3447 295 3506 est
318 3438 405 3505 enim
440 3441 617 3526 operarius
651 3438 721 3506 eibo
743 3457 816 3518 suo,
840 3448 895 3505 aut
918 3439 1062 3504 mercede
1095 3455 1169 3503 suu.
1202 3437 1323 3504 Rursus
1350 3508 1416 3554 m
1439 3507 1473 3562 ἢ

98 3547 173 3614 aiibi
200 3546 412 3632 praecipiens:
439 3546 581 3625 Reddite,
607 3546 724 3633 inquit,
740 3565 825 3634 qous
839 3553 918 3611 sont
942 3545 1109 3623 Caesaris,
1127 3543 1277 3622 Caesari,
1294 3553 1323 3610 et
1395 3539 1430 3606 ai.

99 3709 369 3720 -—-—-

174 3814 182 3845 ¹
204 3814 256 3868 ib:
277 3817 319 3867 Sic
338 3821 364 3866 et
384 3811 482 3868 terimi
498 3813 602 3878 generis
623 3811 774 3867 sacerdotes
799 3810 954 3866 dictitabunt
980 3811 1013 3864 de
1040 3809 1157 3878 decimis,
1184 3809 1322 3880 primitiis,

98 3901 292 3970 oblationibus,
314 3909 339 3956 et
359 3901 501 3974 sacrifieiis
521 3901 610 3967 popuii
630 3901 712 3969 (quod
732 3901 795 3954 iocis
814 3902 901 3954 multis
920 3899 1046 3953 librorum
1067 3899 1156 3964 Exodi,
1175 3901 1281 3952 bertrici
1301 3907 1326 3953 et

101 3995 277 4046 Numerorum
297 3991 443 4060 probatur).

175 4079 186 4112 ¹
207 4081 242 4134 ib.
261 4083 283 4136 tt
303 4081 352 4136 tib:
375 4083 451 4150 Quod
468 4097 532 4134 vero
544 4079 624 4136 urbes
636 4081 785 4150 durumque
797 4079 941 4134 bobrterint
952 4077 986 4132 ub
999 4078 1060 4134 otiis
1073 4089 1214 4146 separatas,
1227 4077 1325 4132 ibidem

102 4173 192 4235 (Num.
212 4171 255 4237 ³5,
273 4174 301 4226 2.
319 4173 345 4240 3)
368 4179 475 4226 testatur
493 4171 608 4226 Moses...
628 4171 670 4223 Sic
689 4177 714 4224 et
732 4171 809 4224 Iosrre
829 4171 862 4236 (c.
881 4169 935 4236 at).

175 4259 186 4290 ⁸
205 4261 289 4326 Supra
310 4261 360 4313 476
379 4275 420 4328 sq.

174 4347 185 4377 ⁴
206 4347 291 4404 Eunt.
311 4349 331 4401 id
354 4347 406 4402 5¹³:
426 4349 536 4402 Proinde
554 4355 579 4401 et
597 4347 714 4402 cbristus
728 4348 752 4400 in
769 4345 912 4416 Erurrpeit‘o
930 4345 1069 4408 ordinarit,
1088 4353 1117 4398 ut
1136 4345 1155 4399 ii
1172 4345 1219 4416 ptri
1238 4344 1327 4400 Erun-

101 4435 173 4506 petto
185 4435 315 4502 serviunt,
330 4435 362 4491 de
378 4436 523 4506 Evonpelio
541 4445 567 4490 et
586 4437 683 4490 virent.
704 4437 803 4502 Dignus
823 4435 925 4503 (inquit)
945 4441 984 4487 est
1002 4435 1140 4500 operarius
1153 4433 1209 4490 cibo
1221 4447 1271 4490 suo
1285 4437 1327 4488 rei

102 4523 224 4580 ntereede
242 4539 302 4580 suu.
322 4525 352 4579 Et
370 4538 481 4580 rusus:
501 4523 612 4582 Edentes
631 4529 656 4580 et
674 4523 795 4591 bibentes,
815 4539 884 4594 poue
901 4522 976 4594 opud
994 4522 1055 4577 itios
1073 4527 1147 4580 sunt.
