3364 5092
352 198 414 264 tlt
663 215 859 266 consorano
882 217 1114 265 uuruenmnsut
1138 217 1255 265 nester.
1659 251 1660 296 q

347 341 631 419 oeroseieutiom,
656 341 854 408 inscientia
878 360 953 407 oero
989 343 1256 427 temperaottiaut,
1288 342 1325 408 iu
1355 343 1597 429 temperantia
1659 329 1660 412 s

348 466 424 513 vero
446 447 656 532 patientiam,
681 466 805 514 rursus
829 447 1238 533 inpatientiapietutem,
1261 449 1442 533 inpietate
1466 458 1595 516 aumas

278 589 282 596 ·
347 551 536 640 fraternum
561 551 769 632 charitatem,
794 554 830 620 iu
852 553 1012 640 fratcrtto
1046 574 1124 620 uero
1156 552 1319 621 charitate
1352 554 1596 634 dilationemr,-

348 659 428 726 boec
450 660 538 727 euim
560 680 636 732 cum
660 659 750 726 vobis
774 661 885 727 osdsint
908 669 937 728 et
960 661 1147 741 exuberent,
1172 660 1266 728 baud
1300 663 1433 742 otiosos,
1458 683 1527 730 nec
1555 663 1595 728 iu

348 767 487 834 irritum
511 767 701 834 laborantes
724 767 871 855 efficiunt
893 768 940 834 ael
973 768 1103 835 domiui
1131 770 1241 836 nostri
1275 770 1350 836 lesu
1375 768 1510 838 Christi
1535 790 1595 837 co-

345 874 545 960 petitionem
569 893 649 940 min
673 875 730 940 cui
752 894 817 940 uon
851 874 978 941 adsunt
1009 873 1155 954 dacels
1186 895 1305 943 caecus
1338 886 1438 942 estet
1470 897 1593 942 mortu

347 981 439 1046 viam
463 989 602 1058 tentans,
627 979 747 1047 oblitus
768 1000 837 1046 sese
860 1001 883 1048 a
907 981 1070 1048 veteribus
1090 983 1236 1068 peccatis
1258 983 1332 1050 suis
1361 982 1470 1069 fuisse
1491 1003 1592 1070 pur·

345 1096 473 1174 patum.
499 1090 567 1172 Quo
591 1088 658 1154 loco
681 1089 828 1173 princeps
851 1089 1069 1174 Apostolorum
1093 1089 1239 1168 ostendit,
1263 1109 1325 1157 non
1362 1089 1455 1157 modo
1477 1091 1591 1156 solam

348 1194 440 1261 fidem
464 1212 525 1260 non
549 1193 695 1261 sufficere
718 1194 756 1261 ad
781 1195 930 1262 iustitiam
955 1201 987 1262 et
1010 1196 1154 1274 salutem,
1179 1197 1233 1262 sod
1257 1197 1350 1263 etiam
1374 1197 1458 1264 inter
1475 1198 1593 1264 virtu-

348 1305 394 1364 tes
416 1298 492 1364 alias
514 1298 621 1364 eodem
646 1298 837 1366 necessarias
861 1299 1003 1365 infimum
1028 1298 1162 1385 gradum
1185 1300 1213 1366 ei
1231 1300 1353 1381 tribuit,
1369 1301 1500 1387 solaque
1520 1302 1591 1368 fide

348 1405 524 1490 praeditum
555 1423 682 1472 caecum
717 1414 748 1472 et
783 1424 878 1472 tnanu
911 1415 1074 1473 nutantem
1108 1408 1253 1492 appellat.
1289 1407 1449 1492 Quorsum
1478 1409 1590 1496 igitur

347 1511 469 1590 attinet,
492 1513 668 1578 Christiana
692 1511 842 1598 religione
877 1513 937 1578 iam
963 1531 1019 1598 per
1043 1521 1145 1580 totum
1176 1515 1286 1582 orbern
1318 1523 1514 1594 senescente,
1542 1515 1588 1581 ad

347 1619 448 1704 [trima
471 1619 668 1705 eloquiorum
693 1620 746 1686 Dei
782 1621 937 1687 elementa
969 1619 1071 1688 redire
1095 1628 1126 1688 et
1161 1629 1207 1688 tot
1242 1607 1588 1707 tantisque‘laudihus

349 1725 486 1792 maxime
509 1725 594 1793 salsis
617 1726 751 1794 evehere
774 1726 880 1805 fidem,
904 1727 941 1792 ad
968 1727 1132 1812 populum,
1161 1728 1215 1814 qui
1240 1727 1332 1795 fidem
1357 1747 1398 1795 ex
1423 1728 1586 1795 maternis

347 1831 499 1898 uberibus
523 1832 617 1898 sintul
652 1849 724 1899 curn
760 1833 839 1900 laete
863 1833 1007 1899 imbibit?
1038 1834 1097 1901 Sed
1129 1835 1234 1920 potius
1264 1835 1401 1902 charitas
1424 1843 1494 1902 tum
1518 1835 1582 1902 Dei

347 1942 413 2004 tum
438 1938 574 2024 proximi
598 1956 656 2006 eeu
680 1939 846 2006 universae
881 1939 957 2024 legis
988 1948 1020 2007 et
1054 1941 1248 2024 abbreviatio
1283 1948 1315 2008 et
1345 1943 1583 2010 consummatio

347 2053 500 2130 perpetuo
523 2045 708 2113 inculcanda
730 2051 786 2112 est.
805 2050 840 2112 m
858 2065 932 2113 vero
956 2045 1071 2114 Paulus
1094 2049 1269 2133 Apostolus
1290 2047 1429 2134 gentium
1451 2049 1580 2123 doctor,

347 2153 402 2219 etsi
429 2171 584 2239 nusquam
609 2153 700 2220 sicuti
726 2171 780 2219 vos
804 2153 846 2218 ita
870 2153 947 2218 laiso
970 2153 1064 2220 sidem
1087 2153 1221 2234 extollit,
1248 2161 1282 2220 ut
1305 2155 1332 2221 ei
1357 2155 1413 2221 soli
1445 2173 1578 2222 omnem

347 2259 497 2326 iustitiam
521 2260 718 2345 salutemque
742 2259 912 2327 humanam
937 2259 1018 2326 ierat
1040 2269 1211 2346 acceptam,
1235 2269 1301 2328 tum
1334 2260 1419 2346 quod
1443 2261 1491 2328 vel
1526 2263 1581 2328 in-

348 2365 484 2433 credulis
507 2367 598 2434 fidem
623 2367 828 2432 annuntiabat
854 2365 900 2433 rol
925 2367 1099 2452 neophytos
1122 2367 1161 2434 ad
1181 2369 1445 2453 perseverentiam
1462 2368 1494 2434 in
1513 2367 1579 2434 tide

347 2473 776 2559 coenomanensium
808 2473 878 2540 lidei
913 2474 1181 2542 commendatione
1217 2476 1338 2542 multus
1372 2481 1428 2542 est.
1453 2475 1579 2542 Verum

347 2581 470 2666 quade
495 2579 554 2647 tide
579 2581 744 2666 loquitur?
769 2580 901 2666 lpsemet
931 2582 1090 2648 nonnullis
1122 2582 1153 2648 in
1186 2581 1261 2649 locis
1295 2582 1436 2667 exponit,
1460 2599 1578 2667 nempe
1659 2591 1660 2600 ’

205 2671 253 2750 un.
267 2705 288 2758 s,
302 2705 322 2748 e.
347 2705 441 2773 quam
466 2687 496 2753 in
520 2687 635 2754 Galatis
658 2687 792 2773 appellat
816 2687 920 2766 tidem,
944 2707 1029 2775 quae
1049 2707 1111 2773 per
1134 2687 1336 2755 dilectionem
1361 2685 1430 2772 (78)
1454 2707 1579 2774 opero-

180 2811 325 2864 erraes.
349 2803 415 2860 tur.
441 2795 475 2860 m
498 2794 537 2860 ed
560 2795 758 2862 Timotheum
782 2793 881 2880 fidem
913 2814 979 2860 uon
1011 2793 1135 2879 fictam.
1161 2795 1197 2861 m
1222 2795 1350 2862 lacobus
1372 2813 1391 2860 a
1414 2796 1578 2862 contrario

222 2867 262 2911 '²⁰'
277 2865 298 2910 ²
348 2919 441 2968 sensu
465 2899 558 2967 fidem
582 2897 684 2968 ritem
707 2902 865 2986 appellare
888 2901 1023 2980 videtur,
1048 2902 1240 2987 Augustinus
1264 2901 1488 2987 Evangelioam.
1514 2901 1578 2970 De-

348 3007 443 3094 nique
467 3008 695 3093 theologorum
719 3008 871 3075 diatribae
896 3009 990 3092 vulgo
1013 3001 1182 3078 formabam
1204 3009 1397 3094 appellitant,
1420 3007 1577 3074 nimirum

348 3114 432 3200 quod
455 3115 592 3182 alteritas
617 3115 717 3181 torma
741 3115 782 3181 sit
806 3115 958 3182 virtutum
984 3116 1134 3182 omnium.
1159 3114 1291 3182 Proinde
1315 3114 1442 3201 quando
1464 3114 1577 3181 divina

347 3221 472 3307 eloquia
494 3239 558 3287 uno
581 3221 752 3307 eodemque
776 3221 891 3308 spiritu
924 3221 977 3288 Dei
1008 3221 1185 3307 conscripta
1220 3239 1328 3290 secum
1353 3239 1495 3308 pugnare
1518 3239 1578 3288 ne-

347 3335 479 3415 queunt,
504 3336 539 3394 ut
566 3328 759 3414 intelligatur
794 3347 858 3396 uno
889 3329 920 3394 in
953 3329 1030 3408 looo,
1062 3328 1146 3414 quod
1183 3329 1213 3396 in
1245 3327 1306 3394 alio
1340 3328 1576 3414 exprimitur¹,

347 3436 470 3522 quoties
493 3443 654 3520 tantopere
677 3435 770 3503 fidem
794 3454 882 3502 sacra
905 3434 1017 3520 pagina
1040 3436 1130 3502 uobis
1152 3434 1359 3514 commendat,
1382 3435 1479 3524 accipi
1505 3444 1576 3502 tum

347 3543 438 3610 debet
462 3542 538 3623 fides
562 3562 624 3610 non
659 3544 767 3622 otiosa,
792 3544 843 3610 scd
876 3562 1018 3628 operosa,
1051 3561 1111 3610 non
1144 3543 1226 3622 fieta,
1259 3541 1312 3608 sed
1348 3542 1479 3621 sincera,
1510 3561 1575 3610 non
1659 3527 1660 3614 ζ

348 3660 482 3728 ritortua,
508 3650 560 3717 sed
586 3651 665 3730 riva,
697 3670 758 3717 non
794 3651 919 3730 sterilis,
956 3651 1008 3718 scd
1043 3649 1186 3727 secunda,
1211 3668 1272 3715 non
1308 3649 1572 3734 possessioque
1659 3703 1660 3728 ,

350 3794 614 3804 ——w—-a—

420 3883 427 3914 ¹
450 3885 486 3938 Cf.
510 3885 589 3939 Ettolt.
609 3884 672 3938 Cb:
693 3887 772 3938 l‘orro
791 3885 856 3951 quid
876 3884 1002 3951 profuerit
1021 3885 1153 3949 ingentem
1172 3883 1266 3936 silvam
1294 3883 1410 3935 locorum
1431 3881 1573 3947 adducere,

348 3989 408 4026 cum
430 3974 538 4026 lacobus
558 3975 594 4039 (2,
613 3976 657 4040 ib)
678 3975 760 4026 dicut:
780 3973 940 4026 sicutenim
960 3988 1057 4038 corpus
1076 3973 1133 4025 sine
1151 3973 1245 4038 spiritu
1274 3977 1408 4024 mortuum
1427 3977 1474 4036 est,
1494 3971 1528 4023 ite
1548 3979 1573 4023 et

349 4064 414 4115 lldes
433 4065 488 4114 sinc
507 4063 631 4128 oporibus
651 4071 753 4116 mortua
772 4070 837 4116 cst...
855 4065 886 4116 ul
904 4061 932 4114 iu
950 4061 1124 4116 concordium
1149 4061 1258 4115 eettionl
1285 4059 1446 4130 scripturae,
1466 4073 1572 4128 quotu
1659 4077 1660 4090 r

349 4151 476 4206 cortcordi
493 4151 590 4219 spiritu
610 4151 758 4221 irtspb‘utue
775 4157 848 4214 suist,
867 4151 1045 4218 corifo-autur
1073 4149 1126 4204 loci
1153 4149 1227 4216 loeis,
1246 4149 1400 4217 scripturae
1416 4147 1572 4217 seripturis,

349 4252 478 4306 tempora,
497 4255 632 4308 personae,
651 4257 755 4304 causae,
774 4242 875 4306 singula
895 4239 1013 4305 singulis,
1032 4249 1057 4292 et
1077 4241 1110 4292 ite
1127 4241 1234 4292 dentum
1255 4239 1457 4303 comperiemus,
1470 4238 1532 4291 nihil
1545 4239 1571 4290 in

349 4329 444 4385 diuinis
463 4330 583 4399 eloquiis,
606 4338 703 4383 tantuin
724 4330 797 4382 altcst
817 4329 841 4380 in
862 4329 1016 4392 apostolicis
1035 4329 1160 4394 epistolis,
1179 4329 1284 4391 ott'endi,
1296 4327 1370 4393 quod
1383 4341 1435 4379 non
1453 4339 1503 4378 ceu
1517 4341 1571 4380 rota

350 4421 375 4471 in
395 4427 450 4472 roto
470 4429 601 4484 consonet,
621 4421 741 4486 (quadret,
760 4419 900 4484 corispirct·
