3364 5092
506 353 635 402 nanctus
658 351 865 402 cononnssus.
1240 338 1302 402 lot

75 486 142 553 333,
166 475 228 542 ced
251 485 414 564 tunquam
437 477 528 543 33333·
553 477 619 543 Dei.
645 476 759 543 Paulus
783 494 876 543 reno:
908 476 979 556 Vos,
1004 476 1116 562 inquit,
1148 477 1185 543 in
1208 475 1304 544 lider-
1326 493 1374 539 oo.
1389 493 1409 546 r,
1425 493 1458 537 u.

74 591 166 647 tutem
192 583 305 649 vocuti
327 583 416 663 ostia,
441 581 579 668 fratros,
605 591 748 661 lantum,
771 603 811 648 ue
835 581 1016 649 libertatem
1039 582 1076 649 in
1099 583 1303 650 occasionem

72 687 150 754 detra
172 689 289 768 carni,
312 690 370 755 sed
391 708 453 775 per
475 687 674 756 charitalem
697 689 817 754 seruile
839 688 930 755 vodis
953 689 1101 756 inviceru.

156 794 269 880 Neque
292 795 375 862 enim
401 797 451 880 (ut
473 795 578 862 sciatis
595 793 767 880 Evangelici
786 794 1035 876 concionatores)
1050 794 1142 863 dolus
1163 795 1223 863 iste
1239 795 1302 880 pri·
1325 813 1420 870 oum
1434 813 1462 856 ur
1500 799 1503 806 ’

72 917 154 964 mum
179 918 199 966 a
228 901 316 968 vobis
339 901 537 987 excogitatus
560 908 618 980 est,
641 901 757 986 nequid
783 901 856 968 ltine
886 901 978 968 locta¹
998 901 1028 968 in
1054 901 1171 968 malitia
1198 909 1303 969 restra
1334 869 1452 964 iiiiii&-

70 1005 258 1088 gloriemini.
276 1007 335 1074 Sed
359 1007 420 1073 iarn
440 1015 505 1074 tum
522 1007 795 1093 coapostolorum
814 1008 1009 1092 temporibus
1024 1015 1168 1087 exortus
1184 1008 1304 1075 interea
1346 973 1443 1071 Ἢ

70 1113 195 1197 saepius
220 1120 294 1181 ante
318 1115 395 1180 haec
420 1121 564 1199 tempora
596 1122 765 1181 renovatus
796 1121 853 1192 est,
879 1121 915 1181 ul
945 1113 1139 1194 anicianis,
1170 1133 1188 1180 a
1219 1115 1305 1181 Lam·

71 1217 220 1301 portans,
251 1219 500 1305 alucilupinis,
528 1238 548 1286 a
578 1219 735 1306 Regardis,
758 1239 776 1286 a
800 1219 956 1306 Beguinis
988 1240 1007 1286 a
1038 1220 1254 1300 Valdensiltus,
1286 1240 1305 1287 a

71 1323 237 1394 l‘iclevicis
259 1334 292 1394 cl
314 1327 355 1392 ab
378 1326 548 1393 llussianis.
1062 1374 1065 1380 -

158 1433 322 1500 Postremo
345 1431 429 1519 quod
454 1433 484 1498 in
509 1433 593 1500 calce
616 1432 779 1512 sullicitis,
804 1451 870 1510 vos,
895 1441 1042 1518 tanquam
1060 1433 1210 1500 sciliceta
1226 1451 1304 1519 quo-

72 1555 139 1603 rum
167 1548 251 1606 nutu
275 1547 372 1624 atque
389 1546 505 1606 renutu
522 1539 678 1624 pendeant
692 1539 809 1617 omnia,
826 1557 886 1605 non
904 1545 1106 1607 contemnere
1128 1539 1304 1606 oliiciorum

72 1646 255 1713 uarietatem
280 1647 311 1712 in
338 1646 482 1725 Ecclesia,
506 1663 588 1733 3333
611 1647 742 1731 spiritus
765 1657 893 1713 sanctus
916 1665 975 1731 pro
999 1647 1148 1714 varietate
1171 1663 1304 1714 suorum

71 1749 228 1820 donorum
255 1753 437 1820 nominihus
468 1754 667 1839 impartitum
693 1772 789 1838 porro
812 1761 955 1820 nostrum
987 1761 1115 1833 statum,
1147 1771 1305 1839 pompam,

72 1855 239 1941 dignitates
269 1867 301 1926 et
333 1859 540 1944 praelationes
568 1877 624 1926 333
647 1860 750 1926 sinere
775 1866 899 1926 nostrae
925 1859 1076 1927 Ecclesiae
1104 1859 1305 1944 respondere,

76 1965 274 2048 —prolecto
292 1973 465 2050 utromque
481 1983 542 2031 non
561 1964 653 2032 modo
669 1965 758 2050 prius
781 1965 869 2044 illud,
886 1965 940 2032 sed
960 1965 1054 2032 etiarn
1072 1965 1131 2032 hoo
1148 1966 1305 2050 posterius

74 2068 173 2138 obuiis
197 2077 247 2156 (ut
270 2071 373 2151 aiunt)
404 2071 489 2138 uluis
518 2072 749 2156 amplectimur.
782 2071 856 2137 Nam
882 2072 927 2138 uti
951 2061 1102 2138 ‘nostram
1137 2071 1303 2138 Ecclesiam

76 2173 241 2244 docuimus
265 2195 371 2244 veram
396 2193 464 2244 3333
489 2177 541 2243 [lei
568 2177 745 2256 Ecclesiam,
770 2178 813 2244 ita
836 2196 963 2263 333333
988 2195 1083 2244 33333
1105 2177 1305 2245 Christianis·

77 2298 156 2361 mus,
181 2301 276 2351 33333
306 2284 483 2370 dignitates,
508 2301 601 2350 verae
636 2283 844 2368 praelationes
867 2291 899 2351 et
922 2303 996 2351 vera
1018 2284 1121 2352 ollicia
1145 2303 1205 2350 nou
1231 2291 1306 2352 sunt

78 2388 132 2454 nisi
158 2391 189 2456 in
215 2397 325 2457 nostra
349 2390 493 2468 Ecclesia,
517 2397 626 2474 utpote
649 2390 800 2457 divinitus
831 2390 861 2456 in
886 2390 1027 2476 singulos
1057 2389 1236 2470 distributa,
1266 2389 1305 2457 ad
1329 2407 1461 2506 ¹·203‘·,¹’·

77 2497 195 2578 mystici
219 2497 373 2582 corporis,
396 2515 478 2582 3333
501 2503 550 2564 est
573 2497 718 2576 Ecclesia,
744 2497 918 2564 utilitatem.
944 2497 1075 2564 Proinde
1098 2494 1165 2582 (ou)
1187 2497 1305 2581 optimo
1342 2507 1343 2512 ’
1367 2473 1382 2518 ⁹
1399 2493 1404 2504 '
1434 2492 1439 2504 '

79 2601 143 2670 iure
168 2605 219 2671 hic.
241 2604 397 2670 articulus
421 2612 569 2689 tanquam
594 2622 611 2670 3
641 2604 786 2689 proximo
810 2605 1005 2671 continenter
1029 2621 1174 2690 sequens,
1205 2621 1305 2689 quan-

78 2725 170 2791 quam
196 2711 225 2777 id
249 2711 344 2778 animi
371 2711 465 2778 vestri
491 2710 608 2776 malitia
631 2711 787 2776 obcaecati
805 2729 865 2776 non
890 2709 1110 2778 animadvertit
1133 2709 1306 2776 inconstan-

80 2813 128 2894 tia,
150 2816 292 2885 secundo
314 2816 403 2884 vobis
426 2818 493 2883 loco
523 2817 583 2910 lud
606 2817 757 2884 obiectus.
787 2816 932 2883 Ceterum
964 2834 1044 2902 3333
1068 2815 1143 2882 milui
1177 2833 1307 2901 pompas

79 2919 124 2988 llic
146 2923 299 3002 occinitis,
325 2924 409 2991 lraud
434 2923 509 2991 satis
534 2924 688 3009 intellig03
713 2923 737 2990 si
770 2941 851 3010 quae
875 2923 938 2990 sint
960 2922 1128 2990 abusiones
1158 2930 1189 2990 et
1222 2923 1306 3002 vitia,

81 3044 136 3094 non
160 3049 364 3110 3333333333,
389 3049 450 3096 333
476 3031 722 3116 patrocinamur,
753 3049 814 3096 non
847 3029 1053 3110 defendimus
1086 3029 1140 3096 sed
1170 3030 1306 3116 ingenue

80 3138 285 3218 agnoscimus,
309 3137 497 3204 confitemur
521 3146 616 3222 atque
639 3136 793 3215 dolemus,
818 3136 916 3203 Deum
945 3136 1098 3221 optimum
1130 3137 1304 3204 maximum

80 3242 184 3310 scdulo
208 3253 383 3330 precantes,
399 3251 435 3310 ut
452 3245 487 3322 is,
504 3245 565 3330 qui
578 3252 714 3328 propter
728 3251 865 3328 peccota
878 3242 997 3328 populi
1011 3240 1095 3327 fucit
1114 3261 1212 3328 super
1231 3260 1304 3311 eum
1328 3258 1365 3304 33
1380 3257 1413 3311 n,
1426 3257 1460 3302 so.

82 3367 218 3434 3333333
244 3348 407 3417 dominum
432 3348 654 3438 hypocritam,
679 3350 802 3417 tandem
827 3349 996 3436 aliquando
1018 3349 1098 3416 hene
1129 3356 1240 3416 vectat.
1274 3347 1305 3414 ld

82 3459 179 3526 133333
211 3457 323 3524 rationi
355 3475 392 3523 ac
423 3457 482 3543 legi
508 3465 570 3524 tarn
603 3456 726 3524 divinae
756 3474 851 3542 33333
877 3458 1032 3522 numanae
1061 3463 1305 3522 consentaneum

82 3563 305 3642 existimamus,
329 3571 366 3631 ut
388 3563 498 3631 ordine
515 3581 623 3630 rerum
643 3563 860 3648 pulcherrimo
876 3563 994 3649 ubique
1018 3571 1153 3641 servato,
1171 3561 1306 3628 maiores

82 3669 194 3738 maiora
218 3670 357 3738 doceant.
381 3670 439 3738 Sed
465 3670 589 3737 interim
611 3671 671 3758 qui
685 3679 831 3736 oestrum
863 3669 1024 3736 inrmunis
1046 3677 1093 3734 ost
1115 3688 1137 3734 a
1158 3677 1304 3754 peccato,
1328 3682 1358 3728 to.
1372 3683 1394 3736 ⁸.
1409 3683 1429 3727 ⁷.

80 3777 208 3857 primus
231 3778 267 3844 in
290 3797 351 3844 nos
374 3775 519 3864 lapidem
546 3777 661 3844 iaciat.
686 3779 745 3844 dut
769 3777 873 3864 potius
896 3793 962 3856 333,
986 3776 1040 3863 qui
1065 3775 1149 3855 estis,
1178 3775 1232 3862 qui
1257 3775 1306 3842 iu·
1329 3789 1390 3834 uom-
1405 3790 1438 3844 tt.
1454 3789 1474 3834 ⁸-

81 3877 184 3952 dicatis
206 3885 326 3952 alienos
349 3889 481 3952 secvos?
504 3883 631 3950 domino
653 3903 712 3950 suo
727 3890 810 3950 stant
825 3889 881 3950 aut
904 3883 1029 3950 cadunt.
1052 3883 1130 3968 Quis
1153 3900 1209 3949 333
1232 3899 1305 3949 onn-

83 3987 177 4057 stituit
209 3990 328 4058 indices
356 3991 592 4076 praelatorum?
615 4008 752 4076 quorum
785 3990 869 4056 iussa
892 4007 1055 4075 capessere
1079 3997 1219 4057 vestrum
1247 3997 1305 4070 cst,

83 4109 136 4164 non
160 4097 319 4165 discutere
343 4115 447 4165 mores
470 4115 591 4164 eorum.
