<?xml version="1.0" encoding="UTF-8"?>
<!DOCTYPE html PUBLIC "-//W3C//DTD XHTML 1.0 Transitional//EN"
    "http://www.w3.org/TR/xhtml1/DTD/xhtml1-transitional.dtd">
<html xmlns="http://www.w3.org/1999/xhtml" xml:lang="en" lang="en">
 <head>
  <title>
</title>
<meta http-equiv="Content-Type" content="text/html;charset=utf-8" />
  <meta name='ocr-system' content='tesseract 3.04.00' />
  <meta name='ocr-capabilities' content='ocr_page ocr_carea ocr_par ocr_line ocrx_word'/>
</head>
<body>
  <div class='ocr_page' id='page_1' title='image "./confutatioluthe01schmgoog_0189.png"; bbox 0 0 3390 5096; ppageno 0'>
   <div class='ocr_carea' id='block_1_1' title="bbox 537 293 1325 359">
    <p class='ocr_par' dir='ltr' id='par_1_1' title="bbox 537 293 1325 359">
     <span class='ocr_line' id='line_1_1' title="bbox 537 293 1325 359; baseline -0.003 -1"><span class='ocrx_word' id='word_1_1' title='bbox 537 309 665 359; x_wconf 84' lang='lat' dir='ltr'>rnarrns</span> <span class='ocrx_word' id='word_1_2' title='bbox 689 309 895 359; x_wconf 83' lang='lat' dir='ltr'>connnrssns.</span> <span class='ocrx_word' id='word_1_3' title='bbox 1267 293 1325 356; x_wconf 80' lang='lat' dir='ltr'>lil</span> 
     </span>
    </p>
   </div>
   <div class='ocr_carea' id='block_1_2' title="bbox 83 432 1505 4245">
    <p class='ocr_par' dir='ltr' id='par_1_2' title="bbox 83 432 1331 521">
     <span class='ocr_line' id='line_1_2' title="bbox 83 432 1331 521; baseline 0.001 -22"><span class='ocrx_word' id='word_1_4' title='bbox 83 439 216 518; x_wconf 83' lang='lat' dir='ltr'>gnatus</span> <span class='ocrx_word' id='word_1_5' title='bbox 239 440 272 502; x_wconf 93' lang='lat' dir='ltr'>et</span> <span class='ocrx_word' id='word_1_6' title='bbox 294 435 451 514; x_wconf 88' lang='lat' dir='ltr'>occlusus,</span> <span class='ocrx_word' id='word_1_7' title='bbox 475 442 512 501; x_wconf 91' lang='lat' dir='ltr'>ut</span> <span class='ocrx_word' id='word_1_8' title='bbox 543 434 680 521; x_wconf 83' lang='lat' dir='ltr'>legentes</span> <span class='ocrx_word' id='word_1_9' title='bbox 711 453 774 501; x_wconf 93' lang='lat' dir='ltr'>non</span> <span class='ocrx_word' id='word_1_10' title='bbox 809 433 997 520; x_wconf 83' lang='lat' dir='ltr'>intelligatis.</span> <span class='ocrx_word' id='word_1_11' title='bbox 1028 433 1167 501; x_wconf 81' lang='lat' dir='ltr'><strong>Dicimur</strong></span> <span class='ocrx_word' id='word_1_12' title='bbox 1191 432 1331 518; x_wconf 76' lang='lat' dir='ltr'>nempe*</span> 
     </span>
    </p>

    <p class='ocr_par' dir='ltr' id='par_1_3' title="bbox 83 539 1334 1160">
     <span class='ocr_line' id='line_1_3' title="bbox 84 539 1332 625; baseline -0.002 -19"><span class='ocrx_word' id='word_1_13' title='bbox 84 539 139 606; x_wconf 90' lang='lat' dir='ltr'>his</span> <span class='ocrx_word' id='word_1_14' title='bbox 166 539 204 606; x_wconf 92' lang='lat' dir='ltr'>in</span> <span class='ocrx_word' id='word_1_15' title='bbox 233 541 338 609; x_wconf 83' lang='lat' dir='ltr'>verbis</span> <span class='ocrx_word' id='word_1_16' title='bbox 361 559 423 608; x_wconf 96' lang='lat' dir='ltr'>non</span> <span class='ocrx_word' id='word_1_17' title='bbox 447 541 625 610; x_wconf 76' lang='lat' dir='ltr'>sacerdotes</span> <span class='ocrx_word' id='word_1_18' title='bbox 649 540 750 619; x_wconf 86' lang='lat' dir='ltr'>modo,</span> <span class='ocrx_word' id='word_1_19' title='bbox 775 558 886 608; x_wconf 86' lang='lat' dir='ltr'>verum</span> <span class='ocrx_word' id='word_1_20' title='bbox 910 541 1003 607; x_wconf 90' lang='lat' dir='ltr'>etiam</span> <span class='ocrx_word' id='word_1_21' title='bbox 1027 557 1126 625; x_wconf 79' lang='lat' dir='ltr'>reges.</span> <span class='ocrx_word' id='word_1_22' title='bbox 1151 541 1187 606; x_wconf 85' lang='lat' dir='ltr'>tt</span> <span class='ocrx_word' id='word_1_23' title='bbox 1211 540 1235 606; x_wconf 92' lang='lat' dir='ltr'>si</span> <span class='ocrx_word' id='word_1_24' title='bbox 1260 540 1332 625; x_wconf 89' lang='lat' dir='ltr'>qais</span> 
     </span>
     <span class='ocr_line' id='line_1_4' title="bbox 83 656 1332 734; baseline 0.002 -23"><span class='ocrx_word' id='word_1_25' title='bbox 83 656 269 727; x_wconf 80' lang='lat' dir='ltr'>assereret,</span> <span class='ocrx_word' id='word_1_26' title='bbox 292 666 350 716; x_wconf 91' lang='lat' dir='ltr'>nos</span> <span class='ocrx_word' id='word_1_27' title='bbox 379 665 489 715; x_wconf 92' lang='lat' dir='ltr'>omnes</span> <span class='ocrx_word' id='word_1_28' title='bbox 522 665 590 716; x_wconf 89' lang='lat' dir='ltr'>esse</span> <span class='ocrx_word' id='word_1_29' title='bbox 622 665 712 734; x_wconf 79' lang='lat' dir='ltr'>reges</span> <span class='ocrx_word' id='word_1_30' title='bbox 747 665 919 734; x_wconf 87' lang='lat' dir='ltr'>omnesque</span> <span class='ocrx_word' id='word_1_31' title='bbox 951 665 1008 714; x_wconf 89' lang='lat' dir='ltr'>nos</span> <span class='ocrx_word' id='word_1_32' title='bbox 1038 665 1139 732; x_wconf 83' lang='lat' dir='ltr'>aeona</span> <span class='ocrx_word' id='word_1_33' title='bbox 1161 663 1233 714; x_wconf 90' lang='lat' dir='ltr'>cum</span> <span class='ocrx_word' id='word_1_34' title='bbox 1258 665 1332 733; x_wconf 83' lang='lat' dir='ltr'>rege</span> 
     </span>
     <span class='ocr_line' id='line_1_5' title="bbox 85 753 1332 840; baseline 0 -20"><span class='ocrx_word' id='word_1_35' title='bbox 85 771 263 840; x_wconf 86' lang='lat' dir='ltr'>quemque</span> <span class='ocrx_word' id='word_1_36' title='bbox 287 772 345 822; x_wconf 91' lang='lat' dir='ltr'>sna</span> <span class='ocrx_word' id='word_1_37' title='bbox 368 761 521 840; x_wconf 76' lang='lat' dir='ltr'>potestate</span> <span class='ocrx_word' id='word_1_38' title='bbox 544 753 712 840; x_wconf 91' lang='lat' dir='ltr'>praeditos,</span> <span class='ocrx_word' id='word_1_39' title='bbox 737 771 840 821; x_wconf 89' lang='lat' dir='ltr'>nonne</span> <span class='ocrx_word' id='word_1_40' title='bbox 867 772 941 821; x_wconf 91' lang='lat' dir='ltr'>reus</span> <span class='ocrx_word' id='word_1_41' title='bbox 965 755 1066 822; x_wconf 83' lang='lat' dir='ltr'>laesae</span> <span class='ocrx_word' id='word_1_42' title='bbox 1089 754 1260 821; x_wconf 87' lang='lat' dir='ltr'>maiestatis</span> <span class='ocrx_word' id='word_1_43' title='bbox 1282 771 1332 820; x_wconf 89' lang='lat' dir='ltr'>ca-</span> 
     </span>
     <span class='ocr_line' id='line_1_6' title="bbox 85 859 1331 947; baseline 0.002 -22"><span class='ocrx_word' id='word_1_44' title='bbox 85 859 183 944; x_wconf 89' lang='lat' dir='ltr'>pitali</span> <span class='ocrx_word' id='word_1_45' title='bbox 221 861 377 947; x_wconf 91' lang='lat' dir='ltr'>supplicio</span> <span class='ocrx_word' id='word_1_46' title='bbox 406 861 609 928; x_wconf 77' lang='lat' dir='ltr'>afficeretur?</span> <span class='ocrx_word' id='word_1_47' title='bbox 645 860 776 928; x_wconf 84' lang='lat' dir='ltr'>Proinde</span> <span class='ocrx_word' id='word_1_48' title='bbox 800 861 937 946; x_wconf 80' lang='lat' dir='ltr'>&#39;quando</span> <span class='ocrx_word' id='word_1_49' title='bbox 972 879 1028 928; x_wconf 92' lang='lat' dir='ltr'>nos</span> <span class='ocrx_word' id='word_1_50' title='bbox 1059 878 1120 926; x_wconf 96' lang='lat' dir='ltr'>non</span> <span class='ocrx_word' id='word_1_51' title='bbox 1155 861 1259 927; x_wconf 88' lang='lat' dir='ltr'>minus</span> <span class='ocrx_word' id='word_1_52' title='bbox 1290 878 1331 928; x_wconf 87' lang='lat' dir='ltr'>ex</span> 
     </span>
     <span class='ocr_line' id='line_1_7' title="bbox 85 965 1333 1053; baseline 0.001 -21"><span class='ocrx_word' id='word_1_53' title='bbox 85 965 247 1034; x_wconf 78' lang='lat' dir='ltr'>adductis</span> <span class='ocrx_word' id='word_1_54' title='bbox 271 967 346 1034; x_wconf 91' lang='lat' dir='ltr'>locis</span> <span class='ocrx_word' id='word_1_55' title='bbox 368 967 544 1034; x_wconf 83' lang='lat' dir='ltr'>evincimur</span> <span class='ocrx_word' id='word_1_56' title='bbox 567 984 657 1053; x_wconf 82' lang='lat' dir='ltr'>reges</span> <span class='ocrx_word' id='word_1_57' title='bbox 680 983 758 1046; x_wconf 88' lang='lat' dir='ltr'>esse,</span> <span class='ocrx_word' id='word_1_58' title='bbox 783 967 866 1052; x_wconf 85' lang='lat' dir='ltr'>qnod</span> <span class='ocrx_word' id='word_1_59' title='bbox 891 967 1023 1052; x_wconf 88' lang='lat' dir='ltr'>capitale</span> <span class='ocrx_word' id='word_1_60' title='bbox 1045 966 1152 1044; x_wconf 88' lang='lat' dir='ltr'>inerit,</span> <span class='ocrx_word' id='word_1_61' title='bbox 1175 984 1270 1052; x_wconf 86' lang='lat' dir='ltr'>quam</span> <span class='ocrx_word' id='word_1_62' title='bbox 1288 984 1333 1033; x_wconf 93' lang='lat' dir='ltr'>sa·</span> 
     </span>
     <span class='ocr_line' id='line_1_8' title="bbox 87 1073 1334 1160; baseline 0.002 -22"><span class='ocrx_word' id='word_1_63' title='bbox 87 1073 257 1153; x_wconf 84' lang='lat' dir='ltr'>cardotes,</span> <span class='ocrx_word' id='word_1_64' title='bbox 281 1075 432 1142; x_wconf 94' lang='lat' dir='ltr'>nimirum</span> <span class='ocrx_word' id='word_1_65' title='bbox 456 1075 561 1142; x_wconf 92' lang='lat' dir='ltr'>dicere</span> <span class='ocrx_word' id='word_1_66' title='bbox 591 1080 726 1160; x_wconf 90' lang='lat' dir='ltr'>oportet,</span> <span class='ocrx_word' id='word_1_67' title='bbox 759 1075 950 1154; x_wconf 89' lang='lat' dir='ltr'>locutionem</span> <span class='ocrx_word' id='word_1_68' title='bbox 987 1073 1017 1140; x_wconf 95' lang='lat' dir='ltr'>in</span> <span class='ocrx_word' id='word_1_69' title='bbox 1041 1073 1209 1159; x_wconf 89' lang='lat' dir='ltr'>scripturis</span> <span class='ocrx_word' id='word_1_70' title='bbox 1231 1073 1334 1140; x_wconf 88' lang='lat' dir='ltr'>altatis</span> 
     </span>
    </p>

    <p class='ocr_par' dir='ltr' id='par_1_4' title="bbox 87 1180 1334 1799">
     <span class='ocr_line' id='line_1_9' title="bbox 87 1180 1333 1268; baseline 0 -22"><span class='ocrx_word' id='word_1_71' title='bbox 87 1199 156 1246; x_wconf 95' lang='lat' dir='ltr'>non</span> <span class='ocrx_word' id='word_1_72' title='bbox 187 1182 350 1268; x_wconf 86' lang='lat' dir='ltr'>propriam</span> <span class='ocrx_word' id='word_1_73' title='bbox 375 1199 455 1260; x_wconf 89' lang='lat' dir='ltr'>esse,</span> <span class='ocrx_word' id='word_1_74' title='bbox 478 1188 511 1247; x_wconf 88' lang='lat' dir='ltr'>at</span> <span class='ocrx_word' id='word_1_75' title='bbox 544 1181 724 1267; x_wconf 80' lang='lat' dir='ltr'>figuratam,</span> <span class='ocrx_word' id='word_1_76' title='bbox 748 1180 779 1246; x_wconf 95' lang='lat' dir='ltr'>in</span> <span class='ocrx_word' id='word_1_77' title='bbox 810 1197 874 1266; x_wconf 83' lang='lat' dir='ltr'>qtra</span> <span class='ocrx_word' id='word_1_78' title='bbox 906 1187 1017 1265; x_wconf 92' lang='lat' dir='ltr'>tropus</span> <span class='ocrx_word' id='word_1_79' title='bbox 1051 1180 1101 1258; x_wconf 89' lang='lat' dir='ltr'>sil,</span> <span class='ocrx_word' id='word_1_80' title='bbox 1125 1198 1207 1266; x_wconf 85' lang='lat' dir='ltr'>qnae</span> <span class='ocrx_word' id='word_1_81' title='bbox 1235 1187 1333 1246; x_wconf 91' lang='lat' dir='ltr'>meta·</span> 
     </span>
     <span class='ocr_line' id='line_1_10' title="bbox 88 1286 1332 1373; baseline 0 -20"><span class='ocrx_word' id='word_1_82' title='bbox 88 1287 216 1372; x_wconf 91' lang='lat' dir='ltr'>phora,</span> <span class='ocrx_word' id='word_1_83' title='bbox 241 1287 301 1354; x_wconf 93' lang='lat' dir='ltr'>hoc</span> <span class='ocrx_word' id='word_1_84' title='bbox 324 1295 381 1364; x_wconf 90' lang='lat' dir='ltr'>est,</span> <span class='ocrx_word' id='word_1_85' title='bbox 405 1288 568 1356; x_wconf 83' lang='lat' dir='ltr'>translatio</span> <span class='ocrx_word' id='word_1_86' title='bbox 591 1287 804 1373; x_wconf 83' lang='lat' dir='ltr'>grammaticis</span> <span class='ocrx_word' id='word_1_87' title='bbox 825 1286 1012 1372; x_wconf 88' lang='lat' dir='ltr'>appellatur.</span> <span class='ocrx_word' id='word_1_88' title='bbox 1037 1287 1096 1371; x_wconf 84' lang='lat' dir='ltr'>Qui</span> <span class='ocrx_word' id='word_1_89' title='bbox 1121 1286 1280 1353; x_wconf 90' lang='lat' dir='ltr'>schemata</span> <span class='ocrx_word' id='word_1_90' title='bbox 1302 1296 1332 1353; x_wconf 88' lang='lat' dir='ltr'>et</span> 
     </span>
     <span class='ocr_line' id='line_1_11' title="bbox 90 1390 1333 1480; baseline 0.001 -21"><span class='ocrx_word' id='word_1_91' title='bbox 90 1401 213 1479; x_wconf 91' lang='lat' dir='ltr'>tropos</span> <span class='ocrx_word' id='word_1_92' title='bbox 237 1390 329 1477; x_wconf 87' lang='lat'>(138)</span> <span class='ocrx_word' id='word_1_93' title='bbox 353 1393 476 1480; x_wconf 81' lang='lat' dir='ltr'>ignorat</span> <span class='ocrx_word' id='word_1_94' title='bbox 499 1399 530 1460; x_wconf 91' lang='lat' dir='ltr'>et</span> <span class='ocrx_word' id='word_1_95' title='bbox 554 1393 720 1480; x_wconf 80' lang='lat' dir='ltr'>figuratam</span> <span class='ocrx_word' id='word_1_96' title='bbox 751 1393 938 1460; x_wconf 90' lang='lat' dir='ltr'>locutionem</span> <span class='ocrx_word' id='word_1_97' title='bbox 962 1411 979 1460; x_wconf 90' lang='lat' dir='ltr'>a</span> <span class='ocrx_word' id='word_1_98' title='bbox 1004 1394 1131 1479; x_wconf 91' lang='lat' dir='ltr'>propria</span> <span class='ocrx_word' id='word_1_99' title='bbox 1154 1393 1333 1461; x_wconf 89' lang='lat' dir='ltr'>discernere</span> 
     </span>
     <span class='ocr_line' id='line_1_12' title="bbox 90 1499 1333 1586; baseline 0.002 -22"><span class='ocrx_word' id='word_1_100' title='bbox 90 1501 213 1578; x_wconf 76' lang='lat' dir='ltr'>noscit,</span> <span class='ocrx_word' id='word_1_101' title='bbox 239 1499 359 1567; x_wconf 90' lang='lat' dir='ltr'>inutilis</span> <span class='ocrx_word' id='word_1_102' title='bbox 382 1501 559 1586; x_wconf 88' lang='lat' dir='ltr'>scripturae</span> <span class='ocrx_word' id='word_1_103' title='bbox 583 1501 680 1568; x_wconf 87' lang='lat' dir='ltr'>lector</span> <span class='ocrx_word' id='word_1_104' title='bbox 704 1505 760 1566; x_wconf 89' lang='lat' dir='ltr'>est.</span> <span class='ocrx_word' id='word_1_105' title='bbox 784 1500 859 1566; x_wconf 93' lang='lat' dir='ltr'>Nam</span> <span class='ocrx_word' id='word_1_106' title='bbox 884 1499 929 1566; x_wconf 90' lang='lat' dir='ltr'>uti</span> <span class='ocrx_word' id='word_1_107' title='bbox 955 1517 1055 1585; x_wconf 81' lang='lat' dir='ltr'>reges,</span> <span class='ocrx_word' id='word_1_108' title='bbox 1078 1500 1122 1566; x_wconf 91' lang='lat' dir='ltr'>ita</span> <span class='ocrx_word' id='word_1_109' title='bbox 1156 1499 1333 1567; x_wconf 88' lang='lat' dir='ltr'>sacerdotes</span> 
     </span>
     <span class='ocr_line' id='line_1_13' title="bbox 90 1605 1334 1692; baseline 0 -21"><span class='ocrx_word' id='word_1_110' title='bbox 90 1605 240 1673; x_wconf 90' lang='lat' dir='ltr'>dicimur</span> <span class='ocrx_word' id='word_1_111' title='bbox 263 1623 382 1686; x_wconf 76' lang='lat' dir='ltr'>ornnes</span> <span class='ocrx_word' id='word_1_112' title='bbox 406 1625 467 1673; x_wconf 94' lang='lat' dir='ltr'>non</span> <span class='ocrx_word' id='word_1_113' title='bbox 493 1607 631 1692; x_wconf 90' lang='lat' dir='ltr'>proprie,</span> <span class='ocrx_word' id='word_1_114' title='bbox 654 1613 687 1672; x_wconf 88' lang='lat' dir='ltr'>at</span> <span class='ocrx_word' id='word_1_115' title='bbox 715 1606 910 1685; x_wconf 82' lang='lat' dir='ltr'>translatitie,</span> <span class='ocrx_word' id='word_1_116' title='bbox 935 1625 996 1673; x_wconf 95' lang='lat' dir='ltr'>non</span> <span class='ocrx_word' id='word_1_117' title='bbox 1020 1613 1133 1672; x_wconf 88' lang='lat' dir='ltr'>natura</span> <span class='ocrx_word' id='word_1_118' title='bbox 1158 1607 1214 1678; x_wconf 85' lang='lat' dir='ltr'>rei.</span> <span class='ocrx_word' id='word_1_119' title='bbox 1238 1613 1270 1672; x_wconf 91' lang='lat' dir='ltr'>at</span> <span class='ocrx_word' id='word_1_120' title='bbox 1292 1605 1334 1674; x_wconf 89' lang='lat' dir='ltr'>si-</span> 
     </span>
     <span class='ocr_line' id='line_1_14' title="bbox 94 1709 1334 1799; baseline 0.002 -22"><span class='ocrx_word' id='word_1_121' title='bbox 94 1712 292 1780; x_wconf 91' lang='lat' dir='ltr'>militudine.</span> <span class='ocrx_word' id='word_1_122' title='bbox 317 1713 404 1780; x_wconf 84' lang='lat' dir='ltr'>Sicut</span> <span class='ocrx_word' id='word_1_123' title='bbox 427 1709 585 1798; x_wconf 73' lang='lat' dir='ltr'>nempe**</span> <span class='ocrx_word' id='word_1_124' title='bbox 609 1731 699 1799; x_wconf 83' lang='lat' dir='ltr'>reges</span> <span class='ocrx_word' id='word_1_125' title='bbox 714 1713 850 1779; x_wconf 90' lang='lat' dir='ltr'>dicimur</span> <span class='ocrx_word' id='word_1_126' title='bbox 867 1712 1021 1798; x_wconf 92' lang='lat' dir='ltr'>spirituali</span> <span class='ocrx_word' id='word_1_127' title='bbox 1045 1712 1193 1798; x_wconf 87' lang='lat' dir='ltr'>quodam,</span> <span class='ocrx_word' id='word_1_128' title='bbox 1210 1712 1334 1779; x_wconf 87' lang='lat' dir='ltr'>interno</span> 
     </span>
    </p>

    <p class='ocr_par' dir='ltr' id='par_1_5' title="bbox 94 1818 1334 2012">
     <span class='ocr_line' id='line_1_15' title="bbox 94 1818 1334 1905; baseline 0.002 -23"><span class='ocrx_word' id='word_1_129' title='bbox 94 1835 134 1884; x_wconf 90' lang='lat' dir='ltr'>ac</span> <span class='ocrx_word' id='word_1_130' title='bbox 163 1818 312 1886; x_wconf 84' lang='lat' dir='ltr'>invisibili</span> <span class='ocrx_word' id='word_1_131' title='bbox 338 1835 446 1904; x_wconf 82' lang='lat' dir='ltr'>regno,</span> <span class='ocrx_word' id='word_1_132' title='bbox 470 1837 531 1885; x_wconf 92' lang='lat' dir='ltr'>non</span> <span class='ocrx_word' id='word_1_133' title='bbox 556 1837 621 1904; x_wconf 86' lang='lat' dir='ltr'>qao</span> <span class='ocrx_word' id='word_1_134' title='bbox 645 1818 769 1905; x_wconf 90' lang='lat' dir='ltr'>publice</span> <span class='ocrx_word' id='word_1_135' title='bbox 800 1818 872 1904; x_wconf 86' lang='lat' dir='ltr'>quis</span> <span class='ocrx_word' id='word_1_136' title='bbox 902 1818 979 1885; x_wconf 92' lang='lat' dir='ltr'>alios</span> <span class='ocrx_word' id='word_1_137' title='bbox 1002 1818 1059 1885; x_wconf 90' lang='lat' dir='ltr'>sibi</span> <span class='ocrx_word' id='word_1_138' title='bbox 1085 1818 1242 1885; x_wconf 91' lang='lat' dir='ltr'>subiectos</span> <span class='ocrx_word' id='word_1_139' title='bbox 1276 1837 1334 1904; x_wconf 82' lang='lat' dir='ltr'>gn·</span> 
     </span>
     <span class='ocr_line' id='line_1_16' title="bbox 96 1925 1334 2012; baseline -0.002 -20"><span class='ocrx_word' id='word_1_140' title='bbox 96 1925 230 2004; x_wconf 91' lang='lat' dir='ltr'>bernat,</span> <span class='ocrx_word' id='word_1_141' title='bbox 254 1943 366 1993; x_wconf 86' lang='lat' dir='ltr'>rerum</span> <span class='ocrx_word' id='word_1_142' title='bbox 392 1944 457 2011; x_wconf 85' lang='lat' dir='ltr'>quo</span> <span class='ocrx_word' id='word_1_143' title='bbox 480 1943 513 1994; x_wconf 89' lang='lat' dir='ltr'>se</span> <span class='ocrx_word' id='word_1_144' title='bbox 535 1945 572 1993; x_wconf 89' lang='lat' dir='ltr'>aa</span> <span class='ocrx_word' id='word_1_145' title='bbox 596 1945 653 1994; x_wconf 89' lang='lat' dir='ltr'>sua</span> <span class='ocrx_word' id='word_1_146' title='bbox 676 1927 811 2012; x_wconf 86' lang='lat' dir='ltr'>quisque</span> <span class='ocrx_word' id='word_1_147' title='bbox 835 1926 981 2011; x_wconf 85' lang='lat' dir='ltr'>privatim</span> <span class='ocrx_word' id='word_1_148' title='bbox 1007 1925 1097 2011; x_wconf 82' lang='lat' dir='ltr'>regit,</span> <span class='ocrx_word' id='word_1_149' title='bbox 1121 1943 1247 1992; x_wconf 91' lang='lat' dir='ltr'>carnem</span> <span class='ocrx_word' id='word_1_150' title='bbox 1272 1925 1334 2011; x_wconf 93' lang='lat' dir='ltr'>spi·</span> 
     </span>
    </p>

    <p class='ocr_par' dir='ltr' id='par_1_6' title="bbox 96 2032 1335 2224">
     <span class='ocr_line' id='line_1_17' title="bbox 97 2032 1335 2118; baseline 0.001 -21"><span class='ocrx_word' id='word_1_151' title='bbox 97 2032 179 2098; x_wconf 92' lang='lat' dir='ltr'>ritui</span> <span class='ocrx_word' id='word_1_152' title='bbox 204 2039 237 2098; x_wconf 89' lang='lat' dir='ltr'>et</span> <span class='ocrx_word' id='word_1_153' title='bbox 261 2049 388 2098; x_wconf 90' lang='lat' dir='ltr'>sensum</span> <span class='ocrx_word' id='word_1_154' title='bbox 414 2033 526 2099; x_wconf 92' lang='lat' dir='ltr'>rationi</span> <span class='ocrx_word' id='word_1_155' title='bbox 551 2041 582 2100; x_wconf 89' lang='lat' dir='ltr'>et</span> <span class='ocrx_word' id='word_1_156' title='bbox 606 2033 757 2100; x_wconf 91' lang='lat' dir='ltr'>rationem</span> <span class='ocrx_word' id='word_1_157' title='bbox 775 2033 838 2098; x_wconf 88' lang='lat' dir='ltr'>Deo</span> <span class='ocrx_word' id='word_1_158' title='bbox 862 2033 1049 2100; x_wconf 90' lang='lat' dir='ltr'>subiiciens:</span> <span class='ocrx_word' id='word_1_159' title='bbox 1070 2032 1112 2098; x_wconf 90' lang='lat' dir='ltr'>ita</span> <span class='ocrx_word' id='word_1_160' title='bbox 1135 2050 1263 2118; x_wconf 85' lang='lat' dir='ltr'>qaoque</span> <span class='ocrx_word' id='word_1_161' title='bbox 1286 2050 1335 2098; x_wconf 91' lang='lat' dir='ltr'>sa-</span> 
     </span>
     <span class='ocr_line' id='line_1_18' title="bbox 96 2138 1333 2224; baseline 0.001 -20"><span class='ocrx_word' id='word_1_162' title='bbox 96 2138 249 2205; x_wconf 79' lang='lat' dir='ltr'>cordatos</span> <span class='ocrx_word' id='word_1_163' title='bbox 272 2156 424 2206; x_wconf 83' lang='lat' dir='ltr'>rorarnur</span> <span class='ocrx_word' id='word_1_164' title='bbox 447 2139 602 2224; x_wconf 87' lang='lat' dir='ltr'>spirituali</span> <span class='ocrx_word' id='word_1_165' title='bbox 628 2147 659 2206; x_wconf 91' lang='lat' dir='ltr'>et</span> <span class='ocrx_word' id='word_1_166' title='bbox 683 2139 806 2206; x_wconf 91' lang='lat' dir='ltr'>interno</span> <span class='ocrx_word' id='word_1_167' title='bbox 821 2157 857 2205; x_wconf 93' lang='lat' dir='ltr'>ac</span> <span class='ocrx_word' id='word_1_168' title='bbox 881 2139 1026 2206; x_wconf 85' lang='lat' dir='ltr'>invisibili</span> <span class='ocrx_word' id='word_1_169' title='bbox 1064 2138 1247 2216; x_wconf 88' lang='lat' dir='ltr'>sacerdotio,</span> <span class='ocrx_word' id='word_1_170' title='bbox 1272 2156 1333 2205; x_wconf 95' lang='lat' dir='ltr'>non</span> 
     </span>
    </p>

    <p class='ocr_par' dir='ltr' id='par_1_7' title="bbox 98 2243 1335 2436">
     <span class='ocr_line' id='line_1_19' title="bbox 98 2243 1333 2330; baseline 0.001 -21"><span class='ocrx_word' id='word_1_171' title='bbox 98 2263 170 2328; x_wconf 90' lang='lat' dir='ltr'>qno</span> <span class='ocrx_word' id='word_1_172' title='bbox 195 2245 320 2328; x_wconf 90' lang='lat' dir='ltr'>publice</span> <span class='ocrx_word' id='word_1_173' title='bbox 343 2243 416 2330; x_wconf 84' lang='lat' dir='ltr'>qrris</span> <span class='ocrx_word' id='word_1_174' title='bbox 440 2245 503 2312; x_wconf 87' lang='lat' dir='ltr'>beo</span> <span class='ocrx_word' id='word_1_175' title='bbox 527 2245 557 2311; x_wconf 95' lang='lat' dir='ltr'>in</span> <span class='ocrx_word' id='word_1_176' title='bbox 584 2244 719 2312; x_wconf 88' lang='lat' dir='ltr'>Ecclesia</span> <span class='ocrx_word' id='word_1_177' title='bbox 743 2263 800 2329; x_wconf 89' lang='lat' dir='ltr'>pro</span> <span class='ocrx_word' id='word_1_178' title='bbox 823 2245 906 2310; x_wconf 91' lang='lat' dir='ltr'>omni</span> <span class='ocrx_word' id='word_1_179' title='bbox 933 2245 1047 2329; x_wconf 92' lang='lat' dir='ltr'>populo</span> <span class='ocrx_word' id='word_1_180' title='bbox 1064 2243 1190 2330; x_wconf 90' lang='lat' dir='ltr'>proprie</span> <span class='ocrx_word' id='word_1_181' title='bbox 1214 2244 1333 2310; x_wconf 89' lang='lat' dir='ltr'>dictum</span> 
     </span>
     <span class='ocr_line' id='line_1_20' title="bbox 100 2349 1335 2436; baseline 0 -20"><span class='ocrx_word' id='word_1_182' title='bbox 100 2350 298 2418; x_wconf 85' lang='lat' dir='ltr'>sacrificium</span> <span class='ocrx_word' id='word_1_183' title='bbox 322 2351 425 2429; x_wconf 89' lang='lat' dir='ltr'>ollert,</span> <span class='ocrx_word' id='word_1_184' title='bbox 448 2349 501 2418; x_wconf 89' lang='lat' dir='ltr'>sed</span> <span class='ocrx_word' id='word_1_185' title='bbox 525 2369 590 2436; x_wconf 85' lang='lat' dir='ltr'>quo</span> <span class='ocrx_word' id='word_1_186' title='bbox 613 2369 646 2418; x_wconf 91' lang='lat' dir='ltr'>se</span> <span class='ocrx_word' id='word_1_187' title='bbox 669 2368 706 2417; x_wconf 91' lang='lat' dir='ltr'>ac</span> <span class='ocrx_word' id='word_1_188' title='bbox 729 2369 787 2418; x_wconf 89' lang='lat' dir='ltr'>saa</span> <span class='ocrx_word' id='word_1_189' title='bbox 815 2351 950 2436; x_wconf 85' lang='lat' dir='ltr'>quisque</span> <span class='ocrx_word' id='word_1_190' title='bbox 986 2351 1131 2436; x_wconf 85' lang='lat' dir='ltr'>privatim</span> <span class='ocrx_word' id='word_1_191' title='bbox 1156 2351 1248 2417; x_wconf 89' lang='lat' dir='ltr'>ollert</span> <span class='ocrx_word' id='word_1_192' title='bbox 1271 2350 1335 2417; x_wconf 88' lang='lat' dir='ltr'>Deo</span> 
     </span>
    </p>

    <p class='ocr_par' dir='ltr' id='par_1_8' title="bbox 99 2456 1505 3181">
     <span class='ocr_line' id='line_1_21' title="bbox 99 2456 1334 2543; baseline 0 -21"><span class='ocrx_word' id='word_1_193' title='bbox 99 2456 133 2522; x_wconf 96' lang='lat' dir='ltr'>in</span> <span class='ocrx_word' id='word_1_194' title='bbox 160 2456 352 2523; x_wconf 85' lang='lat' dir='ltr'>sacrificium</span> <span class='ocrx_word' id='word_1_195' title='bbox 377 2457 562 2524; x_wconf 89' lang='lat' dir='ltr'>translatitie</span> <span class='ocrx_word' id='word_1_196' title='bbox 584 2457 715 2536; x_wconf 91' lang='lat' dir='ltr'>dictum,</span> <span class='ocrx_word' id='word_1_197' title='bbox 740 2475 853 2542; x_wconf 89' lang='lat' dir='ltr'>nempe</span> <span class='ocrx_word' id='word_1_198' title='bbox 870 2463 905 2524; x_wconf 92' lang='lat' dir='ltr'>ut</span> <span class='ocrx_word' id='word_1_199' title='bbox 921 2459 1027 2542; x_wconf 83' lang='lat' dir='ltr'>regius</span> <span class='ocrx_word' id='word_1_200' title='bbox 1044 2457 1146 2542; x_wconf 81' lang='lat' dir='ltr'>inqrrit</span> <span class='ocrx_word' id='word_1_201' title='bbox 1163 2457 1334 2543; x_wconf 89' lang='lat' dir='ltr'>propheta:</span> 
     </span>
     <span class='ocr_line' id='line_1_22' title="bbox 101 2561 1491 2668; baseline -0.005 -38"><span class='ocrx_word' id='word_1_202' title='bbox 101 2561 325 2646; x_wconf 70' lang='lat' dir='ltr'>Sacrificium</span> <span class='ocrx_word' id='word_1_203' title='bbox 348 2564 501 2649; x_wconf 82' lang='lat' dir='ltr'>spiritus,</span> <span class='ocrx_word' id='word_1_204' title='bbox 526 2564 639 2631; x_wconf 73' lang='lat' dir='ltr'>ictidas</span> <span class='ocrx_word' id='word_1_205' title='bbox 662 2571 690 2630; x_wconf 90' lang='lat' dir='ltr'>et</span> <span class='ocrx_word' id='word_1_206' title='bbox 713 2561 882 2630; x_wconf 60' lang='lat' dir='ltr'>iustitiae!</span> <span class='ocrx_word' id='word_1_207' title='bbox 897 2564 932 2630; x_wconf 83' lang='lat' dir='ltr'>Et</span> <span class='ocrx_word' id='word_1_208' title='bbox 957 2570 992 2629; x_wconf 92' lang='lat' dir='ltr'>nt</span> <span class='ocrx_word' id='word_1_209' title='bbox 1007 2563 1123 2630; x_wconf 84' lang='lat' dir='ltr'>Paulus</span> <span class='ocrx_word' id='word_1_210' title='bbox 1138 2563 1240 2648; x_wconf 85' lang='lat' dir='ltr'>inqrrit</span> <span class='ocrx_word' id='word_1_211' title='bbox 1256 2567 1334 2648; x_wconf 83' lang='lat' dir='ltr'>hpo·</span> <span class='ocrx_word' id='word_1_212' title='bbox 1358 2567 1491 2668; x_wconf 51' lang='lat' dir='ltr'>tffitff</span> 
     </span>
     <span class='ocr_line' id='line_1_23' title="bbox 102 2667 1505 2756; baseline -0.001 -19"><span class='ocrx_word' id='word_1_213' title='bbox 102 2669 226 2737; x_wconf 89' lang='lat' dir='ltr'>stolus:</span> <span class='ocrx_word' id='word_1_214' title='bbox 253 2669 412 2737; x_wconf 87' lang='lat' dir='ltr'>Exhibens</span> <span class='ocrx_word' id='word_1_215' title='bbox 435 2687 551 2756; x_wconf 88' lang='lat' dir='ltr'>corpus</span> <span class='ocrx_word' id='word_1_216' title='bbox 574 2689 668 2738; x_wconf 88' lang='lat' dir='ltr'>suurn</span> <span class='ocrx_word' id='word_1_217' title='bbox 692 2667 835 2737; x_wconf 79' lang='lat' dir='ltr'>hostiam</span> <span class='ocrx_word' id='word_1_218' title='bbox 866 2670 1035 2748; x_wconf 82' lang='lat' dir='ltr'>viventem,</span> <span class='ocrx_word' id='word_1_219' title='bbox 1069 2679 1235 2747; x_wconf 82' lang='lat' dir='ltr'>sanctam,</span> <span class='ocrx_word' id='word_1_220' title='bbox 1271 2670 1335 2736; x_wconf 80' lang='lat' dir='ltr'>lieo</span> <span class='ocrx_word' id='word_1_221' title='bbox 1358 2676 1419 2721; x_wconf 66' lang='lat' dir='ltr'>ira·</span> <span class='ocrx_word' id='word_1_222' title='bbox 1435 2675 1468 2730; x_wconf 80' lang='lat'>¹²·</span> <span class='ocrx_word' id='word_1_223' title='bbox 1484 2678 1505 2721; x_wconf 82' lang='lat'>¹·</span> 
     </span>
     <span class='ocr_line' id='line_1_24' title="bbox 99 2776 1335 2862; baseline -0.001 -18"><span class='ocrx_word' id='word_1_224' title='bbox 99 2777 297 2862; x_wconf 78' lang='lat' dir='ltr'>placorem,</span> <span class='ocrx_word' id='word_1_225' title='bbox 314 2776 512 2844; x_wconf 82' lang='lat' dir='ltr'>rationalem</span> <span class='ocrx_word' id='word_1_226' title='bbox 535 2777 671 2844; x_wconf 83' lang='lat' dir='ltr'>cattam.</span> <span class='ocrx_word' id='word_1_227' title='bbox 689 2777 841 2844; x_wconf 87' lang='lat' dir='ltr'>Neutrum</span> <span class='ocrx_word' id='word_1_228' title='bbox 861 2794 945 2856; x_wconf 90' lang='lat' dir='ltr'>vero,</span> <span class='ocrx_word' id='word_1_229' title='bbox 963 2794 1065 2861; x_wconf 85' lang='lat' dir='ltr'>neque</span> <span class='ocrx_word' id='word_1_230' title='bbox 1083 2793 1335 2861; x_wconf 75' lang='lat' dir='ltr'>regnamusque</span> 
     </span>
     <span class='ocr_line' id='line_1_25' title="bbox 102 2881 1424 2969; baseline -0.002 -19"><span class='ocrx_word' id='word_1_231' title='bbox 102 2881 317 2950; x_wconf 85' lang='lat' dir='ltr'>sacerdotium</span> <span class='ocrx_word' id='word_1_232' title='bbox 331 2883 522 2962; x_wconf 89' lang='lat' dir='ltr'>huiusmodi,</span> <span class='ocrx_word' id='word_1_233' title='bbox 539 2883 605 2951; x_wconf 91' lang='lat' dir='ltr'>sine</span> <span class='ocrx_word' id='word_1_234' title='bbox 621 2884 721 2969; x_wconf 83' lang='lat' dir='ltr'>gratia</span> <span class='ocrx_word' id='word_1_235' title='bbox 737 2891 769 2951; x_wconf 92' lang='lat' dir='ltr'>et</span> <span class='ocrx_word' id='word_1_236' title='bbox 784 2883 937 2950; x_wconf 86' lang='lat' dir='ltr'>charitate</span> <span class='ocrx_word' id='word_1_237' title='bbox 949 2888 1045 2967; x_wconf 79' lang='lat' dir='ltr'>(qaae</span> <span class='ocrx_word' id='word_1_238' title='bbox 1058 2901 1114 2968; x_wconf 93' lang='lat' dir='ltr'>per</span> <span class='ocrx_word' id='word_1_239' title='bbox 1132 2883 1231 2950; x_wconf 88' lang='lat' dir='ltr'>lesum</span> <span class='ocrx_word' id='word_1_240' title='bbox 1245 2881 1336 2949; x_wconf 89' lang='lat' dir='ltr'>Chri·</span> <span class='ocrx_word' id='word_1_241' title='bbox 1360 2887 1388 2933; x_wconf 83' lang='lat'>¹⁰·</span> <span class='ocrx_word' id='word_1_242' title='bbox 1404 2889 1424 2932; x_wconf 82' lang='lat' dir='ltr'>t·</span> 
     </span>
     <span class='ocr_line' id='line_1_26' title="bbox 102 2988 1336 3074; baseline -0.002 -18"><span class='ocrx_word' id='word_1_243' title='bbox 102 2997 191 3056; x_wconf 88' lang='lat' dir='ltr'>stum</span> <span class='ocrx_word' id='word_1_244' title='bbox 224 2988 305 3056; x_wconf 89' lang='lat' dir='ltr'>lacta</span> <span class='ocrx_word' id='word_1_245' title='bbox 335 2991 396 3068; x_wconf 90' lang='lat' dir='ltr'>est)</span> <span class='ocrx_word' id='word_1_246' title='bbox 431 2989 611 3056; x_wconf 89' lang='lat' dir='ltr'>salutariter</span> <span class='ocrx_word' id='word_1_247' title='bbox 645 2989 892 3056; x_wconf 88' lang='lat' dir='ltr'>administratur.</span> <span class='ocrx_word' id='word_1_248' title='bbox 928 2989 1003 3054; x_wconf 84' lang='lat' dir='ltr'>Nam</span> <span class='ocrx_word' id='word_1_249' title='bbox 1036 2995 1209 3074; x_wconf 87' lang='lat' dir='ltr'>utromque</span> <span class='ocrx_word' id='word_1_250' title='bbox 1234 2989 1336 3072; x_wconf 89' lang='lat' dir='ltr'>reipsa</span> 
     </span>
     <span class='ocr_line' id='line_1_27' title="bbox 102 3095 1335 3181; baseline -0.002 -19"><span class='ocrx_word' id='word_1_251' title='bbox 102 3096 201 3174; x_wconf 86' lang='lat' dir='ltr'>idam,</span> <span class='ocrx_word' id='word_1_252' title='bbox 225 3113 286 3162; x_wconf 94' lang='lat' dir='ltr'>non</span> <span class='ocrx_word' id='word_1_253' title='bbox 310 3103 357 3162; x_wconf 90' lang='lat' dir='ltr'>est</span> <span class='ocrx_word' id='word_1_254' title='bbox 380 3095 464 3162; x_wconf 91' lang='lat' dir='ltr'>alind</span> <span class='ocrx_word' id='word_1_255' title='bbox 489 3112 584 3181; x_wconf 85' lang='lat' dir='ltr'>qaam</span> <span class='ocrx_word' id='word_1_256' title='bbox 610 3096 663 3162; x_wconf 88' lang='lat' dir='ltr'>Dei</span> <span class='ocrx_word' id='word_1_257' title='bbox 688 3096 804 3174; x_wconf 83' lang='lat' dir='ltr'>cultas,</span> <span class='ocrx_word' id='word_1_258' title='bbox 828 3095 968 3181; x_wconf 84' lang='lat' dir='ltr'>qni&#39;non</span> <span class='ocrx_word' id='word_1_259' title='bbox 993 3095 1028 3161; x_wconf 86' lang='lat' dir='ltr'>ht</span> <span class='ocrx_word' id='word_1_260' title='bbox 1065 3095 1262 3162; x_wconf 88' lang='lat' dir='ltr'>laudabiliter</span> <span class='ocrx_word' id='word_1_261' title='bbox 1285 3113 1335 3162; x_wconf 92' lang='lat' dir='ltr'>co·</span> 
     </span>
    </p>

    <p class='ocr_par' dir='ltr' id='par_1_9' title="bbox 104 3201 1337 3288">
     <span class='ocr_line' id='line_1_28' title="bbox 104 3201 1337 3288; baseline -0.002 -20"><span class='ocrx_word' id='word_1_262' title='bbox 104 3221 175 3268; x_wconf 90' lang='lat' dir='ltr'>ram</span> <span class='ocrx_word' id='word_1_263' title='bbox 202 3201 266 3270; x_wconf 87' lang='lat' dir='ltr'>Deo</span> <span class='ocrx_word' id='word_1_264' title='bbox 288 3203 355 3269; x_wconf 90' lang='lat' dir='ltr'>sine</span> <span class='ocrx_word' id='word_1_265' title='bbox 378 3203 479 3288; x_wconf 82' lang='lat' dir='ltr'>gratia</span> <span class='ocrx_word' id='word_1_266' title='bbox 503 3202 571 3269; x_wconf 89' lang='lat' dir='ltr'>lesu</span> <span class='ocrx_word' id='word_1_267' title='bbox 595 3201 720 3269; x_wconf 82' lang='lat' dir='ltr'>Christi.</span> <span class='ocrx_word' id='word_1_268' title='bbox 745 3203 805 3270; x_wconf 84' lang='lat' dir='ltr'>hut</span> <span class='ocrx_word' id='word_1_269' title='bbox 828 3203 852 3268; x_wconf 93' lang='lat' dir='ltr'>si</span> <span class='ocrx_word' id='word_1_270' title='bbox 877 3202 949 3287; x_wconf 83' lang='lat' dir='ltr'>orris</span> <span class='ocrx_word' id='word_1_271' title='bbox 972 3201 1014 3267; x_wconf 76' lang='lat' dir='ltr'>ici</span> <span class='ocrx_word' id='word_1_272' title='bbox 1039 3202 1142 3268; x_wconf 82' lang='lat' dir='ltr'>ntalit:</span> <span class='ocrx_word' id='word_1_273' title='bbox 1169 3201 1220 3268; x_wconf 87' lang='lat' dir='ltr'>Est</span> <span class='ocrx_word' id='word_1_274' title='bbox 1235 3201 1337 3286; x_wconf 82' lang='lat' dir='ltr'>gratia</span> 
     </span>
    </p>

    <p class='ocr_par' dir='ltr' id='par_1_10' title="bbox 103 3307 1334 3393">
     <span class='ocr_line' id='line_1_29' title="bbox 103 3307 1334 3393; baseline -0.004 -19"><span class='ocrx_word' id='word_1_275' title='bbox 103 3309 174 3375; x_wconf 82' lang='lat' dir='ltr'>sire</span> <span class='ocrx_word' id='word_1_276' title='bbox 197 3308 336 3375; x_wconf 89' lang='lat' dir='ltr'>charitas</span> <span class='ocrx_word' id='word_1_277' title='bbox 360 3308 435 3393; x_wconf 89' lang='lat' dir='ltr'>ipsa.</span> <span class='ocrx_word' id='word_1_278' title='bbox 463 3307 593 3375; x_wconf 87' lang='lat' dir='ltr'>Proinde</span> <span class='ocrx_word' id='word_1_279' title='bbox 616 3307 762 3375; x_wconf 92' lang='lat' dir='ltr'>dominus</span> <span class='ocrx_word' id='word_1_280' title='bbox 785 3316 891 3374; x_wconf 91' lang='lat' dir='ltr'>noster</span> <span class='ocrx_word' id='word_1_281' title='bbox 927 3307 1012 3374; x_wconf 89' lang='lat' dir='ltr'>lesus</span> <span class='ocrx_word' id='word_1_282' title='bbox 1036 3308 1181 3374; x_wconf 85' lang='lat' dir='ltr'>Christus</span> <span class='ocrx_word' id='word_1_283' title='bbox 1205 3323 1261 3372; x_wconf 78' lang='lat' dir='ltr'>nris</span> <span class='ocrx_word' id='word_1_284' title='bbox 1286 3325 1334 3392; x_wconf 92' lang='lat' dir='ltr'>pa-</span> 
     </span>
    </p>

    <p class='ocr_par' dir='ltr' id='par_1_11' title="bbox 105 3413 1336 3501">
     <span class='ocr_line' id='line_1_30' title="bbox 105 3413 1336 3501; baseline 0.001 -21"><span class='ocrx_word' id='word_1_285' title='bbox 105 3415 146 3482; x_wconf 91' lang='lat' dir='ltr'>tri</span> <span class='ocrx_word' id='word_1_286' title='bbox 173 3431 232 3481; x_wconf 93' lang='lat' dir='ltr'>sno</span> <span class='ocrx_word' id='word_1_287' title='bbox 256 3431 346 3500; x_wconf 79' lang='lat' dir='ltr'>reges</span> <span class='ocrx_word' id='word_1_288' title='bbox 368 3423 463 3501; x_wconf 85' lang='lat' dir='ltr'>atque</span> <span class='ocrx_word' id='word_1_289' title='bbox 487 3413 665 3482; x_wconf 90' lang='lat' dir='ltr'>sacerdotes</span> <span class='ocrx_word' id='word_1_290' title='bbox 688 3414 797 3482; x_wconf 88' lang='lat' dir='ltr'>iecisse</span> <span class='ocrx_word' id='word_1_291' title='bbox 831 3413 957 3482; x_wconf 92' lang='lat' dir='ltr'>dicitur.</span> <span class='ocrx_word' id='word_1_292' title='bbox 992 3413 1084 3498; x_wconf 87' lang='lat' dir='ltr'>Quid,</span> <span class='ocrx_word' id='word_1_293' title='bbox 1116 3413 1200 3498; x_wconf 90' lang='lat' dir='ltr'>qnod</span> <span class='ocrx_word' id='word_1_294' title='bbox 1226 3414 1336 3481; x_wconf 80' lang='lat' dir='ltr'>l‘ctrus</span> 
     </span>
    </p>

    <p class='ocr_par' dir='ltr' id='par_1_12' title="bbox 104 3519 1486 4140">
     <span class='ocr_line' id='line_1_31' title="bbox 105 3519 1336 3606; baseline 0 -20"><span class='ocrx_word' id='word_1_295' title='bbox 105 3521 175 3606; x_wconf 88' lang='lat' dir='ltr'>ipse</span> <span class='ocrx_word' id='word_1_296' title='bbox 199 3521 295 3606; x_wconf 92' lang='lat' dir='ltr'>paulo</span> <span class='ocrx_word' id='word_1_297' title='bbox 317 3527 390 3588; x_wconf 90' lang='lat' dir='ltr'>ante</span> <span class='ocrx_word' id='word_1_298' title='bbox 423 3521 524 3588; x_wconf 90' lang='lat' dir='ltr'>locum</span> <span class='ocrx_word' id='word_1_299' title='bbox 556 3538 597 3588; x_wconf 86' lang='lat' dir='ltr'>ex</span> <span class='ocrx_word' id='word_1_300' title='bbox 633 3537 670 3586; x_wconf 90' lang='lat' dir='ltr'>eo</span> <span class='ocrx_word' id='word_1_301' title='bbox 703 3519 875 3587; x_wconf 90' lang='lat' dir='ltr'>adductum</span> <span class='ocrx_word' id='word_1_302' title='bbox 907 3521 1067 3606; x_wconf 88' lang='lat' dir='ltr'>praeclare</span> <span class='ocrx_word' id='word_1_303' title='bbox 1092 3521 1216 3598; x_wconf 88' lang='lat' dir='ltr'>indicat,</span> <span class='ocrx_word' id='word_1_304' title='bbox 1241 3538 1274 3586; x_wconf 91' lang='lat' dir='ltr'>se</span> <span class='ocrx_word' id='word_1_305' title='bbox 1298 3519 1336 3586; x_wconf 90' lang='lat' dir='ltr'>de</span> 
     </span>
     <span class='ocr_line' id='line_1_32' title="bbox 104 3625 1486 3728; baseline -0.001 -35"><span class='ocrx_word' id='word_1_306' title='bbox 104 3627 264 3712; x_wconf 92' lang='lat' dir='ltr'>spirituali</span> <span class='ocrx_word' id='word_1_307' title='bbox 289 3627 463 3696; x_wconf 82' lang='lat' dir='ltr'>sacerdotio</span> <span class='ocrx_word' id='word_1_308' title='bbox 488 3628 638 3705; x_wconf 91' lang='lat' dir='ltr'>locutam,</span> <span class='ocrx_word' id='word_1_309' title='bbox 662 3646 726 3713; x_wconf 85' lang='lat' dir='ltr'>quo</span> <span class='ocrx_word' id='word_1_310' title='bbox 750 3628 817 3694; x_wconf 91' lang='lat' dir='ltr'>loco</span> <span class='ocrx_word' id='word_1_311' title='bbox 840 3628 884 3694; x_wconf 91' lang='lat' dir='ltr'>ait</span> <span class='ocrx_word' id='word_1_312' title='bbox 908 3627 982 3694; x_wconf 93' lang='lat' dir='ltr'>inibi</span> <span class='ocrx_word' id='word_1_313' title='bbox 997 3629 1007 3668; x_wconf 91' lang='lat'><strong>¹</strong></span> <span class='ocrx_word' id='word_1_314' title='bbox 1025 3626 1064 3693; x_wconf 90' lang='lat' dir='ltr'>de</span> <span class='ocrx_word' id='word_1_315' title='bbox 1079 3625 1205 3692; x_wconf 90' lang='lat' dir='ltr'>domino</span> <span class='ocrx_word' id='word_1_316' title='bbox 1229 3635 1337 3693; x_wconf 88' lang='lat' dir='ltr'>nostro</span> <span class='ocrx_word' id='word_1_317' title='bbox 1367 3631 1387 3676; x_wconf 82' lang='lat'>¹·</span> <span class='ocrx_word' id='word_1_318' title='bbox 1401 3629 1486 3728; x_wconf 49' lang='grc' dir='ltr'>ξφ</span> 
     </span>
     <span class='ocr_line' id='line_1_33' title="bbox 105 3715 1458 3822; baseline -0.001 -22"><span class='ocrx_word' id='word_1_319' title='bbox 105 3735 259 3820; x_wconf 86' lang='lat' dir='ltr'>loquens:</span> <span class='ocrx_word' id='word_1_320' title='bbox 284 3733 339 3800; x_wconf 82' lang='lat' dir='ltr'>Ari</span> <span class='ocrx_word' id='word_1_321' title='bbox 360 3753 455 3822; x_wconf 82' lang='lat' dir='ltr'>qoem</span> <span class='ocrx_word' id='word_1_322' title='bbox 480 3734 677 3812; x_wconf 80' lang='lat' dir='ltr'>accedentes,</span> <span class='ocrx_word' id='word_1_323' title='bbox 701 3734 761 3821; x_wconf 86' lang='lat' dir='ltr'>qai</span> <span class='ocrx_word' id='word_1_324' title='bbox 783 3733 870 3820; x_wconf 85' lang='lat' dir='ltr'>lupis</span> <span class='ocrx_word' id='word_1_325' title='bbox 893 3742 939 3800; x_wconf 87' lang='lat' dir='ltr'>est</span> <span class='ocrx_word' id='word_1_326' title='bbox 964 3733 1071 3812; x_wconf 85' lang='lat' dir='ltr'>uivus,</span> <span class='ocrx_word' id='word_1_327' title='bbox 1088 3733 1130 3799; x_wconf 86' lang='lat' dir='ltr'>ab</span> <span class='ocrx_word' id='word_1_328' title='bbox 1148 3731 1338 3799; x_wconf 82' lang='lat' dir='ltr'>lrominihas</span> <span class='ocrx_word' id='word_1_329' title='bbox 1416 3715 1421 3728; x_wconf 59' lang='lat'>¹</span> <span class='ocrx_word' id='word_1_330' title='bbox 1451 3717 1458 3728; x_wconf 55' lang='lat'><strong>⁴</strong></span> 
     </span>
     <span class='ocr_line' id='line_1_34' title="bbox 106 3838 1340 3929; baseline -0.002 -23"><span class='ocrx_word' id='word_1_331' title='bbox 106 3840 242 3929; x_wconf 84' lang='lat' dir='ltr'>quidem</span> <span class='ocrx_word' id='word_1_332' title='bbox 265 3839 475 3926; x_wconf 80' lang='lat' dir='ltr'>reprobatas,</span> <span class='ocrx_word' id='word_1_333' title='bbox 500 3841 594 3926; x_wconf 85' lang='lat' dir='ltr'>upari</span> <span class='ocrx_word' id='word_1_334' title='bbox 620 3841 722 3906; x_wconf 79' lang='lat' dir='ltr'>neam</span> <span class='ocrx_word' id='word_1_335' title='bbox 748 3859 823 3905; x_wconf 87' lang='lat' dir='ltr'>nero</span> <span class='ocrx_word' id='word_1_336' title='bbox 846 3840 966 3908; x_wconf 83' lang='lat' dir='ltr'>eiectas</span> <span class='ocrx_word' id='word_1_337' title='bbox 1000 3858 1042 3906; x_wconf 91' lang='lat' dir='ltr'>ac</span> <span class='ocrx_word' id='word_1_338' title='bbox 1069 3840 1247 3926; x_wconf 81' lang='lat' dir='ltr'>pretiosas,</span> <span class='ocrx_word' id='word_1_339' title='bbox 1272 3838 1340 3925; x_wconf 80' lang='lat' dir='ltr'>ipsi</span> 
     </span>
     <span class='ocr_line' id='line_1_35' title="bbox 106 3945 1338 4036; baseline -0.002 -22"><span class='ocrx_word' id='word_1_340' title='bbox 106 3967 237 4036; x_wconf 68' lang='lat' dir='ltr'>quiaque</span> <span class='ocrx_word' id='word_1_341' title='bbox 260 3946 361 4013; x_wconf 84' lang='lat' dir='ltr'>velati</span> <span class='ocrx_word' id='word_1_342' title='bbox 383 3947 451 4013; x_wconf 83' lang='lat' dir='ltr'>vivi</span> <span class='ocrx_word' id='word_1_343' title='bbox 473 3947 600 4034; x_wconf 88' lang='lat' dir='ltr'>lapides</span> <span class='ocrx_word' id='word_1_344' title='bbox 624 3946 846 4032; x_wconf 80' lang='lat' dir='ltr'>aedificemini</span> <span class='ocrx_word' id='word_1_345' title='bbox 867 3948 987 4014; x_wconf 79' lang='lat' dir='ltr'>doricas</span> <span class='ocrx_word' id='word_1_346' title='bbox 1002 3945 1205 4032; x_wconf 79' lang='lat' dir='ltr'>spiritualis,</span> <span class='ocrx_word' id='word_1_347' title='bbox 1226 3965 1338 4012; x_wconf 81' lang='lat' dir='ltr'>succr-</span> 
     </span>
     <span class='ocr_line' id='line_1_36' title="bbox 107 4051 1338 4140; baseline -0.002 -20"><span class='ocrx_word' id='word_1_348' title='bbox 107 4053 237 4121; x_wconf 83' lang='lat' dir='ltr'>dotium</span> <span class='ocrx_word' id='word_1_349' title='bbox 259 4061 426 4132; x_wconf 80' lang='lat' dir='ltr'>coactam,</span> <span class='ocrx_word' id='word_1_350' title='bbox 450 4053 497 4120; x_wconf 89' lang='lat' dir='ltr'>ad</span> <span class='ocrx_word' id='word_1_351' title='bbox 520 4051 724 4140; x_wconf 77' lang='lat' dir='ltr'>offeranda-nt</span> <span class='ocrx_word' id='word_1_352' title='bbox 746 4053 939 4139; x_wconf 81' lang='lat' dir='ltr'>spirituales</span> <span class='ocrx_word' id='word_1_353' title='bbox 963 4051 1098 4130; x_wconf 85' lang='lat' dir='ltr'>hostias,</span> <span class='ocrx_word' id='word_1_354' title='bbox 1123 4051 1338 4138; x_wconf 78' lang='lat' dir='ltr'>acceptabiles</span> 
     </span>
    </p>

    <p class='ocr_par' dir='ltr' id='par_1_13' title="bbox 111 4157 1335 4245">
     <span class='ocr_line' id='line_1_37' title="bbox 111 4157 1335 4245; baseline -0.002 -19"><span class='ocrx_word' id='word_1_355' title='bbox 111 4160 176 4226; x_wconf 80' lang='lat' dir='ltr'>Deo</span> <span class='ocrx_word' id='word_1_356' title='bbox 197 4177 259 4245; x_wconf 86' lang='lat' dir='ltr'>per</span> <span class='ocrx_word' id='word_1_357' title='bbox 282 4159 393 4226; x_wconf 82' lang='lat' dir='ltr'>lesam</span> <span class='ocrx_word' id='word_1_358' title='bbox 419 4159 595 4226; x_wconf 83' lang='lat' dir='ltr'>Coristanr.</span> <span class='ocrx_word' id='word_1_359' title='bbox 620 4161 663 4224; x_wconf 87' lang='lat' dir='ltr'>hn</span> <span class='ocrx_word' id='word_1_360' title='bbox 688 4177 749 4224; x_wconf 94' lang='lat' dir='ltr'>non</span> <span class='ocrx_word' id='word_1_361' title='bbox 775 4159 825 4224; x_wconf 92' lang='lat' dir='ltr'>hic</span> <span class='ocrx_word' id='word_1_362' title='bbox 848 4158 964 4225; x_wconf 91' lang='lat' dir='ltr'>auditis</span> <span class='ocrx_word' id='word_1_363' title='bbox 986 4158 1114 4224; x_wconf 87' lang='lat' dir='ltr'>domurn</span> <span class='ocrx_word' id='word_1_364' title='bbox 1140 4157 1335 4244; x_wconf 84' lang='lat' dir='ltr'>spiritualem</span> 
     </span>
    </p>
   </div>
   <div class='ocr_carea' id='block_1_3' title="bbox 181 4496 996 4562">
    <p class='ocr_par' dir='ltr' id='par_1_14' title="bbox 181 4496 996 4562">
     <span class='ocr_line' id='line_1_38' title="bbox 181 4496 996 4562; baseline -0.01 -6"><span class='ocrx_word' id='word_1_365' title='bbox 181 4501 190 4532; x_wconf 83' lang='lat'>¹</span> <span class='ocrx_word' id='word_1_366' title='bbox 210 4499 250 4556; x_wconf 72' lang='lat' dir='ltr'>Cl·</span> <span class='ocrx_word' id='word_1_367' title='bbox 270 4501 321 4553; x_wconf 84' lang='lat' dir='ltr'>ltili</span> <span class='ocrx_word' id='word_1_368' title='bbox 339 4515 364 4552; x_wconf 94' lang='lat' dir='ltr'>n.</span> <span class='ocrx_word' id='word_1_369' title='bbox 387 4500 409 4562; x_wconf 94' lang='lat' dir='ltr'>l,</span> <span class='ocrx_word' id='word_1_370' title='bbox 430 4497 475 4551; x_wconf 92' lang='lat' dir='ltr'>ubi</span> <span class='ocrx_word' id='word_1_371' title='bbox 498 4496 615 4550; x_wconf 76' lang='lat' dir='ltr'>«inibi»</span> <span class='ocrx_word' id='word_1_372' title='bbox 636 4497 730 4551; x_wconf 88' lang='lat' dir='ltr'>eodem</span> <span class='ocrx_word' id='word_1_373' title='bbox 751 4511 830 4550; x_wconf 87' lang='lat' dir='ltr'>sensu</span> <span class='ocrx_word' id='word_1_374' title='bbox 849 4496 996 4551; x_wconf 86' lang='lat' dir='ltr'>adhibetur.</span> 
     </span>
    </p>
   </div>
   <div class='ocr_carea' id='block_1_4' title="bbox 0 0 1723 5096">
    <p class='ocr_par' dir='ltr' id='par_1_15' title="bbox 0 0 1723 5096">
     <span class='ocr_line' id='line_1_39' title="bbox 0 0 1723 5096; baseline 0 0"><span class='ocrx_word' id='word_1_375' title='bbox 0 0 1723 5096; x_wconf 95' lang='lat' dir='ltr'> </span> 
     </span>
    </p>
   </div>
  </div>
 </body>
</html>
