<?xml version="1.0" encoding="UTF-8"?>
<!DOCTYPE html PUBLIC "-//W3C//DTD XHTML 1.0 Transitional//EN"
    "http://www.w3.org/TR/xhtml1/DTD/xhtml1-transitional.dtd">
<html xmlns="http://www.w3.org/1999/xhtml" xml:lang="en" lang="en">
 <head>
  <title>
</title>
<meta http-equiv="Content-Type" content="text/html;charset=utf-8" />
  <meta name='ocr-system' content='tesseract 3.04.00' />
  <meta name='ocr-capabilities' content='ocr_page ocr_carea ocr_par ocr_line ocrx_word'/>
</head>
<body>
  <div class='ocr_page' id='page_1' title='image "./confutatioluthe01schmgoog_0215.png"; bbox 0 0 3390 5096; ppageno 0'>
   <div class='ocr_carea' id='block_1_1' title="bbox 506 337 1307 405">
    <p class='ocr_par' dir='ltr' id='par_1_1' title="bbox 506 337 1307 405">
     <span class='ocr_line' id='line_1_1' title="bbox 506 337 1307 405; baseline -0.002 -1"><span class='ocrx_word' id='word_1_1' title='bbox 506 357 636 405; x_wconf 80' lang='lat' dir='ltr'>rennos</span> <span class='ocrx_word' id='word_1_2' title='bbox 665 355 872 404; x_wconf 82' lang='lat' dir='ltr'>cononussos.</span> <span class='ocrx_word' id='word_1_3' title='bbox 1245 337 1307 402; x_wconf 80' lang='lat'>197</span> 
     </span>
    </p>
   </div>
   <div class='ocr_carea' id='block_1_2' title="bbox 79 479 1309 887">
    <p class='ocr_par' dir='ltr' id='par_1_2' title="bbox 79 479 1309 887">
     <span class='ocr_line' id='line_1_2' title="bbox 79 479 1308 567; baseline -0.002 -19"><span class='ocrx_word' id='word_1_4' title='bbox 79 481 200 548; x_wconf 92' lang='lat' dir='ltr'>dotium</span> <span class='ocrx_word' id='word_1_5' title='bbox 225 488 295 550; x_wconf 88' lang='lat' dir='ltr'>erat</span> <span class='ocrx_word' id='word_1_6' title='bbox 319 481 374 549; x_wconf 93' lang='lat' dir='ltr'>uui</span> <span class='ocrx_word' id='word_1_7' title='bbox 399 480 522 550; x_wconf 86' lang='lat' dir='ltr'>levitico</span> <span class='ocrx_word' id='word_1_8' title='bbox 545 481 651 567; x_wconf 80' lang='lat' dir='ltr'><strong>generi</strong></span> <span class='ocrx_word' id='word_1_9' title='bbox 676 480 877 566; x_wconf 81' lang='lat' dir='ltr'>peculiariter</span> <span class='ocrx_word' id='word_1_10' title='bbox 900 479 1071 559; x_wconf 89' lang='lat' dir='ltr'>addictum,</span> <span class='ocrx_word' id='word_1_11' title='bbox 1093 487 1124 547; x_wconf 89' lang='lat' dir='ltr'>et</span> <span class='ocrx_word' id='word_1_12' title='bbox 1148 497 1208 546; x_wconf 93' lang='lat' dir='ltr'>non</span> <span class='ocrx_word' id='word_1_13' title='bbox 1229 497 1308 565; x_wconf 85' lang='lat' dir='ltr'>qno</span> 
     </span>
     <span class='ocr_line' id='line_1_3' title="bbox 81 585 1309 672; baseline 0 -20"><span class='ocrx_word' id='word_1_14' title='bbox 81 587 151 654; x_wconf 89' lang='lat' dir='ltr'>tidie</span> <span class='ocrx_word' id='word_1_15' title='bbox 177 595 216 654; x_wconf 95' lang='lat' dir='ltr'>ut</span> <span class='ocrx_word' id='word_1_16' title='bbox 238 587 336 656; x_wconf 77' lang='lat' dir='ltr'><strong>nostri</strong></span> <span class='ocrx_word' id='word_1_17' title='bbox 363 586 550 666; x_wconf 80' lang='lat' dir='ltr'>sacerdotes,</span> <span class='ocrx_word' id='word_1_18' title='bbox 574 587 632 667; x_wconf 92' lang='lat' dir='ltr'>illi,</span> <span class='ocrx_word' id='word_1_19' title='bbox 654 587 707 654; x_wconf 92' lang='lat' dir='ltr'>sed</span> <span class='ocrx_word' id='word_1_20' title='bbox 742 604 799 672; x_wconf 91' lang='lat' dir='ltr'>per</span> <span class='ocrx_word' id='word_1_21' title='bbox 833 586 917 653; x_wconf 83' lang='lat' dir='ltr'>uices</span> <span class='ocrx_word' id='word_1_22' title='bbox 951 586 981 653; x_wconf 93' lang='lat' dir='ltr'>in</span> <span class='ocrx_word' id='word_1_23' title='bbox 1011 587 1127 672; x_wconf 92' lang='lat' dir='ltr'>templo</span> <span class='ocrx_word' id='word_1_24' title='bbox 1156 585 1309 652; x_wconf 89' lang='lat' dir='ltr'>ministra-</span> 
     </span>
     <span class='ocr_line' id='line_1_4' title="bbox 80 691 1308 780; baseline 0 -20"><span class='ocrx_word' id='word_1_25' title='bbox 80 694 162 774; x_wconf 83' lang='lat' dir='ltr'>bant,</span> <span class='ocrx_word' id='word_1_26' title='bbox 187 713 228 762; x_wconf 94' lang='lat' dir='ltr'>ne</span> <span class='ocrx_word' id='word_1_27' title='bbox 252 694 413 762; x_wconf 88' lang='lat' dir='ltr'>leviticum</span> <span class='ocrx_word' id='word_1_28' title='bbox 437 711 545 762; x_wconf 91' lang='lat' dir='ltr'>semen</span> <span class='ocrx_word' id='word_1_29' title='bbox 576 693 830 780; x_wconf 77' lang='lat' dir='ltr'>extingueretur,</span> <span class='ocrx_word' id='word_1_30' title='bbox 861 711 922 760; x_wconf 92' lang='lat' dir='ltr'>non</span> <span class='ocrx_word' id='word_1_31' title='bbox 953 693 1089 761; x_wconf 87' lang='lat' dir='ltr'>vicissim</span> <span class='ocrx_word' id='word_1_32' title='bbox 1121 691 1223 772; x_wconf 91' lang='lat' dir='ltr'>modo,</span> <span class='ocrx_word' id='word_1_33' title='bbox 1254 691 1308 760; x_wconf 91' lang='lat' dir='ltr'>sed</span> 
     </span>
     <span class='ocr_line' id='line_1_5' title="bbox 79 799 909 887; baseline -0.001 -21"><span class='ocrx_word' id='word_1_34' title='bbox 79 801 172 867; x_wconf 90' lang='lat' dir='ltr'>etiam</span> <span class='ocrx_word' id='word_1_35' title='bbox 198 801 295 868; x_wconf 92' lang='lat' dir='ltr'>simul</span> <span class='ocrx_word' id='word_1_36' title='bbox 319 818 373 868; x_wconf 93' lang='lat' dir='ltr'>eos</span> <span class='ocrx_word' id='word_1_37' title='bbox 397 800 485 868; x_wconf 87' lang='lat' dir='ltr'>licuit</span> <span class='ocrx_word' id='word_1_38' title='bbox 508 800 617 887; x_wconf 91' lang='lat' dir='ltr'>plures</span> <span class='ocrx_word' id='word_1_39' title='bbox 642 799 758 868; x_wconf 86' lang='lat' dir='ltr'>habere</span> <span class='ocrx_word' id='word_1_40' title='bbox 781 817 909 868; x_wconf 89' lang='lat' dir='ltr'>uxores.</span> 
     </span>
    </p>
   </div>
   <div class='ocr_carea' id='block_1_3' title="bbox 398 979 992 1080">
    <p class='ocr_par' dir='ltr' id='par_1_3' title="bbox 398 979 992 1080">
     <span class='ocr_line' id='line_1_6' title="bbox 398 979 992 1080; baseline -0.003 -2"><span class='ocrx_word' id='word_1_41' title='bbox 398 1011 603 1080; x_wconf 77' lang='lat' dir='ltr'>llllldlltlls</span> <span class='ocrx_word' id='word_1_42' title='bbox 627 1011 788 1079; x_wconf 80' lang='lat' dir='ltr'>necinus</span> <span class='ocrx_word' id='word_1_43' title='bbox 811 979 992 1078; x_wconf 83' lang='lat' dir='ltr'>ucrlvos</span> 
     </span>
    </p>
   </div>
   <div class='ocr_carea' id='block_1_4' title="bbox 81 1222 1387 1416">
    <p class='ocr_par' dir='ltr' id='par_1_4' title="bbox 81 1222 1387 1416">
     <span class='ocr_line' id='line_1_7' title="bbox 170 1222 1311 1310; baseline 0 -20"><span class='ocrx_word' id='word_1_44' title='bbox 170 1225 270 1310; x_wconf 82' lang='lat' dir='ltr'>igitur</span> <span class='ocrx_word' id='word_1_45' title='bbox 293 1224 480 1292; x_wconf 87' lang='lat' dir='ltr'>caelibatum</span> <span class='ocrx_word' id='word_1_46' title='bbox 505 1223 702 1292; x_wconf 88' lang='lat' dir='ltr'>sacerdotum</span> <span class='ocrx_word' id='word_1_47' title='bbox 737 1241 806 1292; x_wconf 90' lang='lat' dir='ltr'>esse</span> <span class='ocrx_word' id='word_1_48' title='bbox 840 1224 1001 1292; x_wconf 88' lang='lat' dir='ltr'>inventum</span> <span class='ocrx_word' id='word_1_49' title='bbox 1032 1223 1145 1290; x_wconf 89' lang='lat' dir='ltr'>diaboli</span> <span class='ocrx_word' id='word_1_50' title='bbox 1171 1222 1311 1290; x_wconf 87' lang='lat' dir='ltr'>serviens</span> 
     </span>
     <span class='ocr_line' id='line_1_8' title="bbox 81 1305 1387 1416; baseline 0.002 -22"><span class='ocrx_word' id='word_1_51' title='bbox 81 1329 308 1416; x_wconf 85' lang='lat' dir='ltr'>Episcoporum</span> <span class='ocrx_word' id='word_1_52' title='bbox 332 1330 506 1398; x_wconf 90' lang='lat' dir='ltr'>commodis</span> <span class='ocrx_word' id='word_1_53' title='bbox 529 1338 561 1398; x_wconf 90' lang='lat' dir='ltr'>et</span> <span class='ocrx_word' id='word_1_54' title='bbox 582 1330 741 1398; x_wconf 89' lang='lat' dir='ltr'>avaritiae.</span> <span class='ocrx_word' id='word_1_55' title='bbox 1374 1305 1387 1334; x_wconf 72' lang='grc'>’</span> 
     </span>
    </p>
   </div>
   <div class='ocr_carea' id='block_1_5' title="bbox 609 1539 783 1631">
    <p class='ocr_par' dir='ltr' id='par_1_5' title="bbox 609 1539 783 1631">
     <span class='ocr_line' id='line_1_9' title="bbox 609 1539 783 1631; baseline -0.023 -19"><span class='ocrx_word' id='word_1_56' title='bbox 609 1539 783 1631; x_wconf 73' lang='lat' dir='ltr'>Responsio.</span> 
     </span>
    </p>
   </div>
   <div class='ocr_carea' id='block_1_6' title="bbox 82 1751 1315 2791">
    <p class='ocr_par' dir='ltr' id='par_1_6' title="bbox 82 1751 1315 2791">
     <span class='ocr_line' id='line_1_10' title="bbox 171 1751 1310 1838; baseline -0.003 -18"><span class='ocrx_word' id='word_1_57' title='bbox 171 1755 226 1822; x_wconf 89' lang='lat' dir='ltr'>llic</span> <span class='ocrx_word' id='word_1_58' title='bbox 248 1753 420 1820; x_wconf 85' lang='lat' dir='ltr'>adversarii</span> <span class='ocrx_word' id='word_1_59' title='bbox 446 1754 544 1821; x_wconf 90' lang='lat' dir='ltr'>nostri</span> <span class='ocrx_word' id='word_1_60' title='bbox 569 1771 631 1822; x_wconf 94' lang='lat' dir='ltr'>nou</span> <span class='ocrx_word' id='word_1_61' title='bbox 656 1753 771 1821; x_wconf 82' lang='lat' dir='ltr'>babent</span> <span class='ocrx_word' id='word_1_62' title='bbox 793 1753 965 1838; x_wconf 82' lang='lat' dir='ltr'>simplicem</span> <span class='ocrx_word' id='word_1_63' title='bbox 981 1751 1126 1830; x_wconf 91' lang='lat' dir='ltr'>oculum;</span> <span class='ocrx_word' id='word_1_64' title='bbox 1149 1752 1310 1818; x_wconf 90' lang='lat' dir='ltr'>nonenim</span> 
     </span>
     <span class='ocr_line' id='line_1_11' title="bbox 82 1857 1312 1942; baseline -0.001 -18"><span class='ocrx_word' id='word_1_65' title='bbox 82 1858 270 1927; x_wconf 90' lang='lat' dir='ltr'>damnamus</span> <span class='ocrx_word' id='word_1_66' title='bbox 291 1877 416 1927; x_wconf 93' lang='lat' dir='ltr'>omnem</span> <span class='ocrx_word' id='word_1_67' title='bbox 440 1859 626 1926; x_wconf 87' lang='lat' dir='ltr'>caelibatum</span> <span class='ocrx_word' id='word_1_68' title='bbox 652 1859 682 1924; x_wconf 94' lang='lat' dir='ltr'>in</span> <span class='ocrx_word' id='word_1_69' title='bbox 708 1858 923 1926; x_wconf 86' lang='lat' dir='ltr'>sacerdotibus</span> <span class='ocrx_word' id='word_1_70' title='bbox 946 1865 1095 1942; x_wconf 82' lang='lat' dir='ltr'>tanqmm</span> <span class='ocrx_word' id='word_1_71' title='bbox 1119 1858 1249 1924; x_wconf 61' lang='lat' dir='ltr'>&amp;tanae</span> <span class='ocrx_word' id='word_1_72' title='bbox 1265 1857 1312 1923; x_wconf 95' lang='lat' dir='ltr'>in-</span> 
     </span>
     <span class='ocr_line' id='line_1_12' title="bbox 85 1963 1313 2052; baseline 0.002 -24"><span class='ocrx_word' id='word_1_73' title='bbox 85 1973 232 2047; x_wconf 78' lang='lat' dir='ltr'>ventum3</span> <span class='ocrx_word' id='word_1_74' title='bbox 256 1966 374 2052; x_wconf 81' lang='lat' dir='ltr'>quinus</span> <span class='ocrx_word' id='word_1_75' title='bbox 396 1967 479 2033; x_wconf 93' lang='lat' dir='ltr'>enim</span> <span class='ocrx_word' id='word_1_76' title='bbox 503 1985 522 2032; x_wconf 89' lang='lat' dir='ltr'>a</span> <span class='ocrx_word' id='word_1_77' title='bbox 546 1967 609 2033; x_wconf 86' lang='lat' dir='ltr'>[leo</span> <span class='ocrx_word' id='word_1_78' title='bbox 632 1965 739 2033; x_wconf 89' lang='lat' dir='ltr'>datum</span> <span class='ocrx_word' id='word_1_79' title='bbox 764 1972 822 2043; x_wconf 91' lang='lat' dir='ltr'>est,</span> <span class='ocrx_word' id='word_1_80' title='bbox 846 1971 883 2031; x_wconf 92' lang='lat' dir='ltr'>ut</span> <span class='ocrx_word' id='word_1_81' title='bbox 905 1971 998 2031; x_wconf 93' lang='lat' dir='ltr'>extra</span> <span class='ocrx_word' id='word_1_82' title='bbox 1021 1963 1200 2048; x_wconf 81' lang='lat' dir='ltr'>coniugium</span> <span class='ocrx_word' id='word_1_83' title='bbox 1229 1969 1313 2031; x_wconf 85' lang='lat' dir='ltr'>caste</span> 
     </span>
     <span class='ocr_line' id='line_1_13' title="bbox 86 2067 1313 2151; baseline 0 -15"><span class='ocrx_word' id='word_1_84' title='bbox 86 2071 201 2151; x_wconf 75' lang='lat' dir='ltr'>vivant,</span> <span class='ocrx_word' id='word_1_85' title='bbox 225 2073 287 2139; x_wconf 91' lang='lat' dir='ltr'>illis</span> <span class='ocrx_word' id='word_1_86' title='bbox 318 2072 505 2140; x_wconf 88' lang='lat' dir='ltr'>caelibatum</span> <span class='ocrx_word' id='word_1_87' title='bbox 538 2089 599 2139; x_wconf 95' lang='lat' dir='ltr'>non</span> <span class='ocrx_word' id='word_1_88' title='bbox 636 2071 821 2150; x_wconf 85' lang='lat' dir='ltr'>inridemus,</span> <span class='ocrx_word' id='word_1_89' title='bbox 856 2069 910 2137; x_wconf 87' lang='lat' dir='ltr'>sed</span> <span class='ocrx_word' id='word_1_90' title='bbox 946 2070 1123 2147; x_wconf 86' lang='lat' dir='ltr'>hortamur,</span> <span class='ocrx_word' id='word_1_91' title='bbox 1155 2075 1190 2134; x_wconf 88' lang='lat' dir='ltr'>ot</span> <span class='ocrx_word' id='word_1_92' title='bbox 1212 2067 1313 2136; x_wconf 86' lang='lat' dir='ltr'>obviis</span> 
     </span>
     <span class='ocr_line' id='line_1_14' title="bbox 86 2175 1312 2264; baseline -0.001 -21"><span class='ocrx_word' id='word_1_93' title='bbox 86 2178 168 2246; x_wconf 92' lang='lat' dir='ltr'>ulnis</span> <span class='ocrx_word' id='word_1_94' title='bbox 191 2179 416 2264; x_wconf 81' lang='lat' dir='ltr'>amplexentur</span> <span class='ocrx_word' id='word_1_95' title='bbox 439 2185 471 2246; x_wconf 91' lang='lat' dir='ltr'>et</span> <span class='ocrx_word' id='word_1_96' title='bbox 504 2178 586 2246; x_wconf 92' lang='lat' dir='ltr'>dono</span> <span class='ocrx_word' id='word_1_97' title='bbox 622 2186 684 2244; x_wconf 88' lang='lat' dir='ltr'>tam</span> <span class='ocrx_word' id='word_1_98' title='bbox 714 2177 838 2244; x_wconf 89' lang='lat' dir='ltr'>coelesti</span> <span class='ocrx_word' id='word_1_99' title='bbox 875 2183 1007 2244; x_wconf 87' lang='lat' dir='ltr'>utantur</span> <span class='ocrx_word' id='word_1_100' title='bbox 1041 2193 1113 2242; x_wconf 91' lang='lat' dir='ltr'>cum</span> <span class='ocrx_word' id='word_1_101' title='bbox 1138 2175 1312 2261; x_wconf 81' lang='lat' dir='ltr'>gratiarnm</span> 
     </span>
     <span class='ocr_line' id='line_1_15' title="bbox 84 2281 1314 2367; baseline -0.002 -18"><span class='ocrx_word' id='word_1_102' title='bbox 84 2284 214 2352; x_wconf 87' lang='lat' dir='ltr'>actione.</span> <span class='ocrx_word' id='word_1_103' title='bbox 240 2285 358 2352; x_wconf 91' lang='lat' dir='ltr'>Verum</span> <span class='ocrx_word' id='word_1_104' title='bbox 383 2285 435 2352; x_wconf 92' lang='lat' dir='ltr'>illa</span> <span class='ocrx_word' id='word_1_105' title='bbox 458 2285 599 2351; x_wconf 89' lang='lat' dir='ltr'>castitate</span> <span class='ocrx_word' id='word_1_106' title='bbox 622 2283 700 2350; x_wconf 87' lang='lat' dir='ltr'>nihil</span> <span class='ocrx_word' id='word_1_107' title='bbox 725 2283 829 2349; x_wconf 88' lang='lat' dir='ltr'>minus</span> <span class='ocrx_word' id='word_1_108' title='bbox 853 2289 986 2361; x_wconf 84' lang='lat' dir='ltr'>castum,</span> <span class='ocrx_word' id='word_1_109' title='bbox 1009 2281 1048 2348; x_wconf 93' lang='lat' dir='ltr'>ad</span> <span class='ocrx_word' id='word_1_110' title='bbox 1083 2298 1178 2367; x_wconf 83' lang='lat' dir='ltr'>quam</span> <span class='ocrx_word' id='word_1_111' title='bbox 1210 2299 1314 2348; x_wconf 87' lang='lat' dir='ltr'>sacer-</span> 
     </span>
     <span class='ocr_line' id='line_1_16' title="bbox 86 2386 1313 2476; baseline -0.001 -22"><span class='ocrx_word' id='word_1_112' title='bbox 86 2387 174 2458; x_wconf 80' lang='lat' dir='ltr'>dotes</span> <span class='ocrx_word' id='word_1_113' title='bbox 190 2389 338 2457; x_wconf 87' lang='lat' dir='ltr'>humanis</span> <span class='ocrx_word' id='word_1_114' title='bbox 354 2389 488 2458; x_wconf 88' lang='lat' dir='ltr'>decretis</span> <span class='ocrx_word' id='word_1_115' title='bbox 504 2389 686 2476; x_wconf 80' lang='lat' dir='ltr'>adiguntur,</span> <span class='ocrx_word' id='word_1_116' title='bbox 702 2406 763 2455; x_wconf 93' lang='lat' dir='ltr'>non</span> <span class='ocrx_word' id='word_1_117' title='bbox 781 2389 848 2456; x_wconf 93' lang='lat' dir='ltr'>sine</span> <span class='ocrx_word' id='word_1_118' title='bbox 863 2387 950 2474; x_wconf 81' lang='lat' dir='ltr'>gravi</span> <span class='ocrx_word' id='word_1_119' title='bbox 968 2386 1174 2455; x_wconf 85' lang='lat' dir='ltr'>conscientiae</span> <span class='ocrx_word' id='word_1_120' title='bbox 1191 2387 1313 2472; x_wconf 85' lang='lat' dir='ltr'>laqueo,</span> 
     </span>
     <span class='ocr_line' id='line_1_17' title="bbox 86 2493 1312 2579; baseline -0.002 -19"><span class='ocrx_word' id='word_1_121' title='bbox 86 2502 116 2560; x_wconf 90' lang='lat' dir='ltr'>et</span> <span class='ocrx_word' id='word_1_122' title='bbox 139 2495 224 2563; x_wconf 91' lang='lat' dir='ltr'>illam</span> <span class='ocrx_word' id='word_1_123' title='bbox 248 2513 318 2563; x_wconf 87' lang='lat' dir='ltr'>esse</span> <span class='ocrx_word' id='word_1_124' title='bbox 340 2495 455 2563; x_wconf 86' lang='lat' dir='ltr'>diaboli</span> <span class='ocrx_word' id='word_1_125' title='bbox 480 2496 642 2563; x_wconf 90' lang='lat' dir='ltr'>inventurn</span> <span class='ocrx_word' id='word_1_126' title='bbox 668 2513 728 2561; x_wconf 96' lang='lat' dir='ltr'>non</span> <span class='ocrx_word' id='word_1_127' title='bbox 764 2495 964 2579; x_wconf 84' lang='lat' dir='ltr'>denegamus,</span> <span class='ocrx_word' id='word_1_128' title='bbox 988 2501 1024 2561; x_wconf 90' lang='lat' dir='ltr'>ut</span> <span class='ocrx_word' id='word_1_129' title='bbox 1047 2493 1131 2560; x_wconf 87' lang='lat' dir='ltr'>clare</span> <span class='ocrx_word' id='word_1_130' title='bbox 1157 2499 1312 2560; x_wconf 82' lang='lat' dir='ltr'>testantur</span> 
     </span>
     <span class='ocr_line' id='line_1_18' title="bbox 88 2599 1315 2686; baseline -0.002 -20"><span class='ocrx_word' id='word_1_131' title='bbox 88 2602 183 2669; x_wconf 80' lang='lat' dir='ltr'>verba</span> <span class='ocrx_word' id='word_1_132' title='bbox 207 2601 292 2670; x_wconf 83' lang='lat' dir='ltr'>Pauli</span> <span class='ocrx_word' id='word_1_133' title='bbox 320 2605 347 2668; x_wconf 89' lang='lat' dir='ltr'>l.</span> <span class='ocrx_word' id='word_1_134' title='bbox 372 2601 410 2670; x_wconf 86' lang='lat' dir='ltr'>ad</span> <span class='ocrx_word' id='word_1_135' title='bbox 435 2601 514 2668; x_wconf 84' lang='lat' dir='ltr'>lim.</span> <span class='ocrx_word' id='word_1_136' title='bbox 539 2602 582 2680; x_wconf 81' lang='lat' dir='ltr'>l,</span> <span class='ocrx_word' id='word_1_137' title='bbox 606 2609 638 2668; x_wconf 92' lang='lat' dir='ltr'>et</span> <span class='ocrx_word' id='word_1_138' title='bbox 659 2608 813 2686; x_wconf 87' lang='lat' dir='ltr'>quantum</span> <span class='ocrx_word' id='word_1_139' title='bbox 844 2601 920 2666; x_wconf 87' lang='lat' dir='ltr'>haec</span> <span class='ocrx_word' id='word_1_140' title='bbox 956 2599 1179 2685; x_wconf 83' lang='lat' dir='ltr'>Episcopornm</span> <span class='ocrx_word' id='word_1_141' title='bbox 1216 2599 1315 2665; x_wconf 87' lang='lat' dir='ltr'>servit</span> 
     </span>
     <span class='ocr_line' id='line_1_19' title="bbox 88 2707 567 2791; baseline -0.004 -17"><span class='ocrx_word' id='word_1_142' title='bbox 88 2709 244 2791; x_wconf 83' lang='lat' dir='ltr'>quaestui,</span> <span class='ocrx_word' id='word_1_143' title='bbox 270 2725 363 2776; x_wconf 92' lang='lat' dir='ltr'>nemo</span> <span class='ocrx_word' id='word_1_144' title='bbox 385 2726 447 2774; x_wconf 92' lang='lat' dir='ltr'>non</span> <span class='ocrx_word' id='word_1_145' title='bbox 472 2707 567 2774; x_wconf 87' lang='lat' dir='ltr'>novit.</span> 
     </span>
    </p>
   </div>
   <div class='ocr_carea' id='block_1_7' title="bbox 606 2914 794 2988">
    <p class='ocr_par' dir='ltr' id='par_1_7' title="bbox 606 2914 794 2988">
     <span class='ocr_line' id='line_1_20' title="bbox 606 2914 794 2988; baseline -0.005 -1"><span class='ocrx_word' id='word_1_146' title='bbox 606 2914 794 2988; x_wconf 71' lang='lat' dir='ltr'>mamutio.</span> 
     </span>
    </p>
   </div>
   <div class='ocr_carea' id='block_1_8' title="bbox 89 3129 1322 4390">
    <p class='ocr_par' dir='ltr' id='par_1_8' title="bbox 89 3129 1322 4390">
     <span class='ocr_line' id='line_1_21' title="bbox 175 3129 1318 3218; baseline -0.003 -18"><span class='ocrx_word' id='word_1_147' title='bbox 175 3133 258 3218; x_wconf 87' lang='lat' dir='ltr'>Quin</span> <span class='ocrx_word' id='word_1_148' title='bbox 285 3133 389 3218; x_wconf 91' lang='lat' dir='ltr'>potins</span> <span class='ocrx_word' id='word_1_149' title='bbox 413 3150 468 3200; x_wconf 86' lang='lat' dir='ltr'>vos</span> <span class='ocrx_word' id='word_1_150' title='bbox 491 3134 618 3199; x_wconf 92' lang='lat' dir='ltr'>oculum</span> <span class='ocrx_word' id='word_1_151' title='bbox 654 3149 790 3218; x_wconf 87' lang='lat' dir='ltr'>nequam</span> <span class='ocrx_word' id='word_1_152' title='bbox 823 3131 982 3208; x_wconf 81' lang='lat' dir='ltr'>labentes,</span> <span class='ocrx_word' id='word_1_153' title='bbox 1007 3137 1114 3216; x_wconf 91' lang='lat' dir='ltr'>utpote</span> <span class='ocrx_word' id='word_1_154' title='bbox 1148 3129 1223 3196; x_wconf 82' lang='lat' dir='ltr'>nillil</span> <span class='ocrx_word' id='word_1_155' title='bbox 1246 3147 1318 3214; x_wconf 93' lang='lat' dir='ltr'>spe·</span> 
     </span>
     <span class='ocr_line' id='line_1_22' title="bbox 89 3235 1315 3326; baseline -0.003 -20"><span class='ocrx_word' id='word_1_156' title='bbox 89 3247 209 3308; x_wconf 82' lang='lat' dir='ltr'>ctardes</span> <span class='ocrx_word' id='word_1_157' title='bbox 234 3247 358 3326; x_wconf 86' lang='lat' dir='ltr'>praeter</span> <span class='ocrx_word' id='word_1_158' title='bbox 393 3239 497 3307; x_wconf 88' lang='lat' dir='ltr'>carnis</span> <span class='ocrx_word' id='word_1_159' title='bbox 519 3238 656 3316; x_wconf 89' lang='lat' dir='ltr'>delicias,</span> <span class='ocrx_word' id='word_1_160' title='bbox 691 3246 791 3305; x_wconf 89' lang='lat' dir='ltr'>totum</span> <span class='ocrx_word' id='word_1_161' title='bbox 815 3255 930 3323; x_wconf 87' lang='lat' dir='ltr'>corpus</span> <span class='ocrx_word' id='word_1_162' title='bbox 955 3236 1155 3304; x_wconf 86' lang='lat' dir='ltr'>tenebrosum</span> <span class='ocrx_word' id='word_1_163' title='bbox 1186 3235 1315 3304; x_wconf 84' lang='lat' dir='ltr'>nabotis.</span> 
     </span>
     <span class='ocr_line' id='line_1_23' title="bbox 91 3341 1318 3432; baseline 0 -22"><span class='ocrx_word' id='word_1_164' title='bbox 91 3344 148 3414; x_wconf 81' lang='lat' dir='ltr'>l&#39;os</span> <span class='ocrx_word' id='word_1_165' title='bbox 170 3347 256 3414; x_wconf 92' lang='lat' dir='ltr'>enim</span> <span class='ocrx_word' id='word_1_166' title='bbox 277 3345 438 3432; x_wconf 85' lang='lat' dir='ltr'>loquimur</span> <span class='ocrx_word' id='word_1_167' title='bbox 457 3344 576 3430; x_wconf 83' lang='lat' dir='ltr'>vulgari</span> <span class='ocrx_word' id='word_1_168' title='bbox 594 3362 681 3412; x_wconf 93' lang='lat' dir='ltr'>more</span> <span class='ocrx_word' id='word_1_169' title='bbox 697 3344 843 3414; x_wconf 76' lang='lat' dir='ltr'>(scientes</span> <span class='ocrx_word' id='word_1_170' title='bbox 858 3343 950 3410; x_wconf 84' lang='lat' dir='ltr'>iuxta</span> <span class='ocrx_word' id='word_1_171' title='bbox 965 3343 1136 3410; x_wconf 88' lang='lat' dir='ltr'>subiectam</span> <span class='ocrx_word' id='word_1_172' title='bbox 1156 3341 1318 3410; x_wconf 89' lang='lat' dir='ltr'>materiam</span> 
     </span>
     <span class='ocr_line' id='line_1_24' title="bbox 90 3447 1318 3538; baseline -0.003 -18"><span class='ocrx_word' id='word_1_173' title='bbox 90 3469 251 3520; x_wconf 86' lang='lat' dir='ltr'>sermones</span> <span class='ocrx_word' id='word_1_174' title='bbox 286 3469 355 3520; x_wconf 91' lang='lat' dir='ltr'>esse</span> <span class='ocrx_word' id='word_1_175' title='bbox 389 3451 598 3538; x_wconf 86' lang='lat' dir='ltr'>accipiendos)</span> <span class='ocrx_word' id='word_1_176' title='bbox 632 3451 671 3518; x_wconf 92' lang='lat' dir='ltr'>de</span> <span class='ocrx_word' id='word_1_177' title='bbox 705 3450 858 3517; x_wconf 85' lang='lat' dir='ltr'>caelibatu</span> <span class='ocrx_word' id='word_1_178' title='bbox 893 3449 1091 3516; x_wconf 89' lang='lat' dir='ltr'>sacerdotum</span> <span class='ocrx_word' id='word_1_179' title='bbox 1125 3467 1181 3534; x_wconf 90' lang='lat' dir='ltr'>per</span> <span class='ocrx_word' id='word_1_180' title='bbox 1216 3447 1318 3516; x_wconf 88' lang='lat' dir='ltr'>Eccle-</span> 
     </span>
     <span class='ocr_line' id='line_1_25' title="bbox 90 3555 1319 3645; baseline -0.001 -21"><span class='ocrx_word' id='word_1_181' title='bbox 90 3559 167 3626; x_wconf 87' lang='lat' dir='ltr'>siam</span> <span class='ocrx_word' id='word_1_182' title='bbox 195 3557 341 3626; x_wconf 91' lang='lat' dir='ltr'>instituto</span> <span class='ocrx_word' id='word_1_183' title='bbox 363 3576 400 3626; x_wconf 88' lang='lat' dir='ltr'>ac</span> <span class='ocrx_word' id='word_1_184' title='bbox 424 3557 554 3645; x_wconf 92' lang='lat' dir='ltr'>proinde</span> <span class='ocrx_word' id='word_1_185' title='bbox 577 3557 752 3644; x_wconf 78' lang='lat' dir='ltr'>obligante,</span> <span class='ocrx_word' id='word_1_186' title='bbox 768 3575 823 3624; x_wconf 86' lang='lat' dir='ltr'>vos</span> <span class='ocrx_word' id='word_1_187' title='bbox 845 3563 950 3623; x_wconf 87' lang='lat' dir='ltr'>autem</span> <span class='ocrx_word' id='word_1_188' title='bbox 968 3555 1147 3622; x_wconf 81' lang='lat' dir='ltr'>cavillantes</span> <span class='ocrx_word' id='word_1_189' title='bbox 1162 3573 1198 3622; x_wconf 89' lang='lat' dir='ltr'>ac</span> <span class='ocrx_word' id='word_1_190' title='bbox 1213 3555 1319 3623; x_wconf 89' lang='lat' dir='ltr'>dolose</span> 
     </span>
     <span class='ocr_line' id='line_1_26' title="bbox 89 3661 1319 3753; baseline -0.003 -19"><span class='ocrx_word' id='word_1_191' title='bbox 89 3675 228 3753; x_wconf 82' lang='lat' dir='ltr'>agentes,</span> <span class='ocrx_word' id='word_1_192' title='bbox 253 3683 292 3733; x_wconf 91' lang='lat' dir='ltr'>ne</span> <span class='ocrx_word' id='word_1_193' title='bbox 316 3682 440 3732; x_wconf 91' lang='lat' dir='ltr'>omnem</span> <span class='ocrx_word' id='word_1_194' title='bbox 474 3682 605 3750; x_wconf 91' lang='lat' dir='ltr'>prorsus</span> <span class='ocrx_word' id='word_1_195' title='bbox 640 3663 825 3732; x_wconf 86' lang='lat' dir='ltr'>caelibatum</span> <span class='ocrx_word' id='word_1_196' title='bbox 857 3663 889 3730; x_wconf 92' lang='lat' dir='ltr'>in</span> <span class='ocrx_word' id='word_1_197' title='bbox 920 3661 1135 3730; x_wconf 87' lang='lat' dir='ltr'>sacerdotibus</span> <span class='ocrx_word' id='word_1_198' title='bbox 1169 3669 1319 3747; x_wconf 84' lang='lat' dir='ltr'>tanquam</span> 
     </span>
     <span class='ocr_line' id='line_1_27' title="bbox 93 3767 1320 3858; baseline -0.002 -20"><span class='ocrx_word' id='word_1_199' title='bbox 93 3773 187 3840; x_wconf 91' lang='lat' dir='ltr'>nimis</span> <span class='ocrx_word' id='word_1_200' title='bbox 213 3771 364 3858; x_wconf 88' lang='lat' dir='ltr'>impudici</span> <span class='ocrx_word' id='word_1_201' title='bbox 395 3771 545 3839; x_wconf 88' lang='lat' dir='ltr'>damnare</span> <span class='ocrx_word' id='word_1_202' title='bbox 576 3771 752 3850; x_wconf 85' lang='lat' dir='ltr'>videamini,</span> <span class='ocrx_word' id='word_1_203' title='bbox 775 3788 849 3838; x_wconf 90' lang='lat' dir='ltr'>eum</span> <span class='ocrx_word' id='word_1_204' title='bbox 878 3769 1004 3855; x_wconf 86' lang='lat' dir='ltr'>quidem</span> <span class='ocrx_word' id='word_1_205' title='bbox 1036 3767 1177 3835; x_wconf 91' lang='lat' dir='ltr'>encomio</span> <span class='ocrx_word' id='word_1_206' title='bbox 1199 3767 1320 3836; x_wconf 88' lang='lat' dir='ltr'>adiecto</span> 
     </span>
     <span class='ocr_line' id='line_1_28' title="bbox 91 3873 1320 3963; baseline -0.005 -17"><span class='ocrx_word' id='word_1_207' title='bbox 91 3877 233 3963; x_wconf 84' lang='lat' dir='ltr'>probatis</span> <span class='ocrx_word' id='word_1_208' title='bbox 258 3877 353 3946; x_wconf 88' lang='lat' dir='ltr'>veluti</span> <span class='ocrx_word' id='word_1_209' title='bbox 380 3877 497 3946; x_wconf 91' lang='lat' dir='ltr'>donum</span> <span class='ocrx_word' id='word_1_210' title='bbox 523 3878 589 3957; x_wconf 86' lang='lat' dir='ltr'>Dei,</span> <span class='ocrx_word' id='word_1_211' title='bbox 611 3884 643 3944; x_wconf 90' lang='lat' dir='ltr'>et</span> <span class='ocrx_word' id='word_1_212' title='bbox 664 3877 765 3944; x_wconf 82' lang='lat' dir='ltr'>obuiis</span> <span class='ocrx_word' id='word_1_213' title='bbox 781 3876 864 3944; x_wconf 90' lang='lat' dir='ltr'>ulnis</span> <span class='ocrx_word' id='word_1_214' title='bbox 878 3873 1122 3961; x_wconf 91' lang='lat' dir='ltr'>amplexandum</span> <span class='ocrx_word' id='word_1_215' title='bbox 1140 3873 1320 3954; x_wconf 88' lang='lat' dir='ltr'>hortamini,</span> 
     </span>
     <span class='ocr_line' id='line_1_29' title="bbox 90 3979 1320 4068; baseline -0.003 -16"><span class='ocrx_word' id='word_1_216' title='bbox 90 3993 119 4052; x_wconf 90' lang='lat' dir='ltr'>et</span> <span class='ocrx_word' id='word_1_217' title='bbox 143 3993 209 4052; x_wconf 88' lang='lat' dir='ltr'>tam</span> <span class='ocrx_word' id='word_1_218' title='bbox 233 3984 359 4052; x_wconf 87' lang='lat' dir='ltr'>coelesti</span> <span class='ocrx_word' id='word_1_219' title='bbox 386 4001 519 4052; x_wconf 89' lang='lat' dir='ltr'>munere</span> <span class='ocrx_word' id='word_1_220' title='bbox 542 4001 614 4051; x_wconf 93' lang='lat' dir='ltr'>cum</span> <span class='ocrx_word' id='word_1_221' title='bbox 639 3983 813 4068; x_wconf 81' lang='lat' dir='ltr'>gratiarum</span> <span class='ocrx_word' id='word_1_222' title='bbox 844 3981 965 4049; x_wconf 89' lang='lat' dir='ltr'>actione</span> <span class='ocrx_word' id='word_1_223' title='bbox 998 3979 1149 4047; x_wconf 86' lang='lat' dir='ltr'>utendum</span> <span class='ocrx_word' id='word_1_224' title='bbox 1177 3980 1320 4060; x_wconf 91' lang='lat' dir='ltr'>monetis,</span> 
     </span>
     <span class='ocr_line' id='line_1_30' title="bbox 90 4086 1320 4178; baseline -0.005 -20"><span class='ocrx_word' id='word_1_225' title='bbox 90 4109 154 4178; x_wconf 89' lang='lat' dir='ltr'>qno</span> <span class='ocrx_word' id='word_1_226' title='bbox 179 4091 278 4158; x_wconf 87' lang='lat' dir='ltr'>libere</span> <span class='ocrx_word' id='word_1_227' title='bbox 303 4095 442 4158; x_wconf 87' lang='lat' dir='ltr'>utuntur</span> <span class='ocrx_word' id='word_1_228' title='bbox 467 4090 498 4168; x_wconf 92' lang='lat' dir='ltr'>ii,</span> <span class='ocrx_word' id='word_1_229' title='bbox 522 4090 639 4177; x_wconf 85' lang='lat' dir='ltr'>quibus</span> <span class='ocrx_word' id='word_1_230' title='bbox 661 4089 760 4156; x_wconf 76' lang='lat' dir='ltr'>olleo</span> <span class='ocrx_word' id='word_1_231' title='bbox 781 4087 889 4156; x_wconf 89' lang='lat' dir='ltr'>datum</span> <span class='ocrx_word' id='word_1_232' title='bbox 906 4093 963 4166; x_wconf 93' lang='lat' dir='ltr'>est,</span> <span class='ocrx_word' id='word_1_233' title='bbox 980 4093 1016 4154; x_wconf 91' lang='lat' dir='ltr'>nt</span> <span class='ocrx_word' id='word_1_234' title='bbox 1031 4093 1124 4154; x_wconf 87' lang='lat' dir='ltr'>extra</span> <span class='ocrx_word' id='word_1_235' title='bbox 1139 4086 1320 4172; x_wconf 80' lang='lat' dir='ltr'>coniugium</span> 
     </span>
     <span class='ocr_line' id='line_1_31' title="bbox 90 4193 1322 4281; baseline -0.006 -15"><span class='ocrx_word' id='word_1_236' title='bbox 90 4205 176 4266; x_wconf 86' lang='lat' dir='ltr'>caste</span> <span class='ocrx_word' id='word_1_237' title='bbox 203 4198 321 4264; x_wconf 81' lang='lat' dir='ltr'>vivant.</span> <span class='ocrx_word' id='word_1_238' title='bbox 345 4195 403 4264; x_wconf 84' lang='lat' dir='ltr'>sed</span> <span class='ocrx_word' id='word_1_239' title='bbox 430 4196 520 4264; x_wconf 92' lang='lat' dir='ltr'>istius</span> <span class='ocrx_word' id='word_1_240' title='bbox 543 4197 674 4264; x_wconf 79' lang='lat' dir='ltr'>technae</span> <span class='ocrx_word' id='word_1_241' title='bbox 697 4195 902 4281; x_wconf 89' lang='lat' dir='ltr'>imposturam</span> <span class='ocrx_word' id='word_1_242' title='bbox 926 4193 1001 4260; x_wconf 92' lang='lat' dir='ltr'>satis</span> <span class='ocrx_word' id='word_1_243' title='bbox 1027 4193 1139 4277; x_wconf 92' lang='lat' dir='ltr'>opinor</span> <span class='ocrx_word' id='word_1_244' title='bbox 1162 4194 1224 4260; x_wconf 86' lang='lat' dir='ltr'>sub</span> <span class='ocrx_word' id='word_1_245' title='bbox 1246 4193 1322 4259; x_wconf 88' lang='lat' dir='ltr'>arti-</span> 
     </span>
     <span class='ocr_line' id='line_1_32' title="bbox 91 4299 1322 4390; baseline -0.006 -16"><span class='ocrx_word' id='word_1_246' title='bbox 91 4304 164 4374; x_wconf 90' lang='lat' dir='ltr'>culo</span> <span class='ocrx_word' id='word_1_247' title='bbox 190 4303 413 4390; x_wconf 81' lang='lat' dir='ltr'>praecedenti¹</span> <span class='ocrx_word' id='word_1_248' title='bbox 438 4302 626 4371; x_wconf 79' lang='lat' dir='ltr'>deteximus.</span> <span class='ocrx_word' id='word_1_249' title='bbox 650 4337 693 4352; x_wconf 94' lang='lat'>·-</span> <span class='ocrx_word' id='word_1_250' title='bbox 717 4305 754 4369; x_wconf 83' lang='lat' dir='ltr'>lt</span> <span class='ocrx_word' id='word_1_251' title='bbox 780 4320 798 4369; x_wconf 91' lang='lat' dir='ltr'>e</span> <span class='ocrx_word' id='word_1_252' title='bbox 828 4301 953 4368; x_wconf 86' lang='lat' dir='ltr'>diverso</span> <span class='ocrx_word' id='word_1_253' title='bbox 988 4299 1040 4367; x_wconf 91' lang='lat' dir='ltr'>illa</span> <span class='ocrx_word' id='word_1_254' title='bbox 1072 4299 1212 4367; x_wconf 86' lang='lat' dir='ltr'>castitate</span> <span class='ocrx_word' id='word_1_255' title='bbox 1244 4299 1322 4366; x_wconf 88' lang='lat' dir='ltr'>nihil</span> 
     </span>
    </p>
   </div>
   <div class='ocr_carea' id='block_1_9' title="bbox 164 4537 323 4590">
    <p class='ocr_par' dir='ltr' id='par_1_9' title="bbox 164 4537 323 4590">
     <span class='ocr_line' id='line_1_33' title="bbox 164 4537 323 4590; baseline 0.006 -2"><span class='ocrx_word' id='word_1_256' title='bbox 164 4539 174 4572; x_wconf 86' lang='lat'><strong>¹</strong></span> <span class='ocrx_word' id='word_1_257' title='bbox 198 4537 323 4590; x_wconf 74' lang='lat' dir='ltr'>l92-l96.</span> 
     </span>
    </p>
   </div>
   <div class='ocr_carea' id='block_1_10' title="bbox 0 0 1715 5096">
    <p class='ocr_par' dir='ltr' id='par_1_10' title="bbox 0 0 1715 5096">
     <span class='ocr_line' id='line_1_34' title="bbox 0 0 1715 5096; baseline 0 0"><span class='ocrx_word' id='word_1_258' title='bbox 0 0 1715 5096; x_wconf 95' lang='lat' dir='ltr'> </span> 
     </span>
    </p>
   </div>
  </div>
 </body>
</html>
