3364 5092
491 369 620 417 rrarros
643 369 849 418 conanrssns.
1221 353 1281 416 107

66 509 138 558 nnnc
161 493 394 578 Evangeliumt
417 493 471 579 qul
504 509 627 579 semper
658 511 705 572 ea,
736 493 860 579 quoties
887 493 978 560 nobis
1010 492 1204 579 probandum
1237 499 1285 560 est

64 597 215 683 qnippam,
241 599 353 667 inore
377 599 499 667 habetis
520 607 552 667 et
582 599 718 685 exigitis.
742 600 806 666 Cur
830 599 958 666 nullum
977 600 1034 686 ipsi
1061 599 1207 685 profertis
1234 599 1285 666 bic

64 705 166 783 lorum,
190 706 250 792 qui
274 705 341 773 sola
364 723 422 774 nos
444 705 505 773 lide
528 705 691 774 iustificari
717 711 874 772 testatur?
897 707 940 772 nn
966 705 1054 772 robis
1076 705 1196 791 absque
1221 705 1285 772 ullo

63 811 234 878 testimonio
269 811 372 879 alieno
402 811 577 892 credemus,
611 812 877 897 quemadmodum
907 812 1089 897 Pythagorei
1121 810 1195 878 olim
1226 829 1286 878 suo

62 915 261 1002 Pythagorae,
284 918 402 1004 quibus
425 924 474 984 sat
495 918 588 985 etiam
605 918 708 1003 ipsum
732 918 851 986 dixisse
869 921 905 984 ¹‘l
930 917 989 985 Sed
1013 923 1118 985 restra
1145 917 1283 984 nondum

60 1031 100 1088 est
121 1023 207 1108 apud
226 1043 284 1091 nos
307 1043 345 1091 ea
367 1027 549 1092 auctoritas.
567 1025 641 1092 Nam
666 1024 785 1092 etiamsi
803 1025 925 1092 centies·
945 1025 1093 1091 universa
1115 1023 1285 1090 excutiatis

60 1129 156 1210 biblia,
181 1150 343 1217 nusquam
364 1131 533 1198 ostendetis
550 1133 609 1198 boc
624 1131 760 1198 dictum:
785 1132 856 1198 Sola
878 1149 935 1198 nos
952 1131 1012 1198 tide
1036 1129 1209 1198 iustificari.
1226 1128 1283 1196 Sed

59 1236 106 1320 qni
130 1237 369 1305 baereticorum
395 1255 462 1305 mos
485 1245 542 1316 est,
567 1237 699 1305 verbnm
724 1238 778 1305 Dei
802 1237 960 1316 falsantes,
988 1235 1073 1322 quod
1101 1235 1285 1321 simpliciter

59 1343 141 1408 ederi
164 1345 339 1430 scriptura,
358 1345 473 1412 docens
496 1363 553 1410 nos
576 1343 638 1410 fide
661 1344 760 1412 iustos
783 1329 863 1423 beri,
887 1344 970 1430 qnod
994 1351 1042 1410 est
1066 1344 1165 1409 multo
1189 1343 1285 1409 veris-

60 1449 187 1528 simum;
217 1453 276 1518 boc
301 1468 355 1518 vos
378 1467 451 1518 cum
476 1450 659 1518 exclusione
680 1449 908 1535 pronuntiatis:
933 1451 999 1517 sola
1023 1467 1079 1516 nos
1103 1449 1163 1516 fide
1188 1449 1286 1516 iustos

60 1554 149 1630 reddi,
174 1555 336 1636 docentes,
359 1556 443 1642 quod
467 1574 485 1623 e
507 1555 632 1623 diverso
649 1557 737 1641 longe
760 1555 962 1623 falsissimum
986 1563 1043 1623 est.
1068 1557 1110 1621 ln
1136 1574 1196 1621 non
1221 1572 1285 1620 me-

61 1663 148 1728 tuetis
173 1681 319 1748 menam,
336 1662 397 1729 snb
420 1663 512 1730 euius
535 1663 786 1729 interminatione
805 1662 989 1746 gravissima
1004 1662 1136 1747 spiritus
1159 1669 1286 1728 sanctus

61 1766 112 1832 lroc
136 1768 270 1837 falsandi
296 1770 415 1836 crimen
439 1770 470 1836 in
496 1769 557 1836 line
581 1769 750 1835 bibliorum
775 1769 892 1835 vetuit:
918 1768 1064 1856 Siquis,
1088 1767 1201 1853 inquit,
1226 1785 1285 1851 op·
1313 1780 1434 1891 manuq-

58 1877 204 1956 posucrat
227 1876 275 1942 ud
296 1872 389 1954 doec,
413 1883 553 1961 opponet
579 1875 665 1940 Dens
687 1893 790 1960 super
812 1874 905 1940 illurn
927 1874 1050 1960 plupoa
1080 1874 1227 1959 scripto-r
1250 1873 1285 1939 fn
1360 1866 1367 1889 '
1409 1867 1414 1878 ’

63 1975 138 2044 libro
163 1981 239 2047 isto.

142 2087 263 2155 Verum
287 2087 463 2166 audiamus
487 2095 565 2173 quot
588 2105 669 2172 opus
692 2087 732 2154 sit
756 2087 925 2154 mendaciis
948 2087 984 2152 ud
1012 2105 1109 2153 unum
1134 2087 1193 2153 boc
1218 2095 1286 2152 tan-

63 2207 149 2274 quam
175 2193 349 2279 principale
374 2194 478 2261 tbema
502 2201 664 2280 utcunque
690 2193 898 2278 palliandum;
924 2211 984 2260 non
1017 2192 1099 2260 enim
1131 2211 1213 2278 quae
1237 2211 1285 2258 se-

62 2307 211 2379 qunntur,
227 2309 282 2366 aut
299 2307 454 2366 excusant
469 2299 677 2379 mendacium,
693 2309 748 2366 aut
764 2300 856 2366 etiarn
873 2299 984 2384 aliqua·
1002 2317 1043 2365 ex
1062 2305 1149 2384 parte
1172 2299 1285 2378 lerunt,

64 2403 131 2483 quin
157 2405 264 2490 potins
293 2406 363 2472 aliis
386 2406 515 2491 insuper
540 2405 708 2472 mendaciis
731 2411 872 2472 onerant.
897 2406 946 2471 Sic
969 2405 1052 2472 enim
1077 2401 1146 2484 (71)
1171 2405 1287 2471 babent

64 2509 152 2576 rerba
170 2520 292 2580 restra:
322 2512 441 2597 «Apud
466 2513 565 2580 Deum
584 2513 791 2578 iustificamur
807 2513 871 2578 sola
890 2512 959 2590 fide,
985 2531 1045 2578 non
1072 2512 1133 2590 illa,
1157 2512 1285 2596 quaein

66 2611 174 2684 lorium
193 2618 357 2686 bominum
383 2619 472 2685 labiis
488 2627 585 2697 natat,
601 2618 654 2686 sed
679 2637 760 2704 quae
785 2620 814 2683 in
833 2619 1013 2704 pectoribus
1035 2618 1196 2685 bominum
1214 2635 1286 2702 pro-

65 2719 151 2790 funde
169 2725 291 2792 radices
305 2726 406 2810 egerit
429 2725 634 2810 perverbum
653 2725 718 2802 Dei,
734 2743 791 2810 per
807 2724 890 2810 qood
908 2724 992 2791 illius
1017 2724 1177 2809 promissis
1193 2723 1285 2789 fidem

64 2825 210 2898 lrabemus
233 2841 264 2898 et
289 2829 533 2902 misericordiam
558 2831 782 2916 consequimur
807 2849 862 2915 per
885 2831 1056 2898 Cbrisfum.
1083 2831 1121 2896 lo.
1148 2830 1177 2896 3.
1200 2831 1284 2896 llom.

65 2929 90 2994 3.
112 2945 142 3001 et
165 2937 196 3004 fr.
215 2964 246 3002 ».
271 2937 425 3003 llactenos
449 2955 514 3015 ros,
539 2936 711 3021 Evangelici
737 2936 981 3003 concionatores.

147 3041 246 3110 mum
272 3043 492 3121 immortalem,
516 3050 593 3127 quot
617 3043 667 3108 bic
699 3042 793 3108 audio
824 3042 1006 3108 mendacia?
1030 3043 1136 3109 Nonne
1161 3043 1286 3109 menda-

67 3143 141 3212 cium
157 3158 216 3228 est,
232 3147 326 3216 fidem
343 3149 479 3234 aliquam
498 3150 528 3216 in
552 3148 715 3214 bominum
734 3148 822 3214 labiis
839 3157 970 3214 nataret
986 3149 1088 3215 onmis
1104 3149 1187 3215 eninr
1210 3149 1287 3216 fides

67 3247 92 3314 ln
113 3254 206 3322 corde
229 3263 287 3334 est,
311 3254 403 3321 cuius
426 3254 578 3322 confessio
593 3273 648 3320 ore
673 3254 829 3339 promitur
850 3254 971 3321 dicente
995 3256 1156 3339 Apostolo:
1183 3255 1287 3322 Corde
1306 3269 1455 3325 tom-rouo.

68 3359 206 3426 creditor
240 3361 287 3428 arf
318 3361 494 3438 iustitium,
519 3380 575 3427 ore
605 3371 715 3428 cartem
747 3359 908 3447 confessio
930 3361 969 3444 fit
991 3362 1037 3427 nd
1067 3362 1218 3428 sulutem.
1251 3365 1287 3428 tlt

68 3459 133 3530 illud
158 3468 238 3534 forte
262 3467 369 3546 vultis,
393 3469 515 3552 opinor,
547 3486 614 3534 esse
646 3468 823 3546 nonnullos,
848 3468 901 3553 qni
934 3467 1028 3534 corde
1053 3486 1113 3534 non
1142 3467 1286 3545 credunt,

67 3573 140 3650 qnod
170 3591 226 3639 ore
259 3573 434 3658 proferunt.
467 3575 527 3640 lloc
561 3574 602 3640 ite
625 3592 704 3652 esse,
736 3582 772 3640 ut
801 3593 861 3640 non
894 3573 1082 3650 inficiemur,
1111 3573 1186 3660 quid
1219 3581 1285 3639 tum

69 3685 186 3754 trufeal
210 3680 243 3746 lli
269 3681 352 3746 enirn
376 3680 459 3765 aptul
486 3681 596 3760 Derrrn,
620 3681 680 3768 qrci
702 3701 796 3746 renes
819 3689 848 3746 cf
871 3680 976 3746 cordo
997 3689 1184 3759 occidutur,
1218 3680 1285 3745 infr-
1306 3696 1453 3751 unimam.

66 3779 141 3852 letes
163 3793 238 3853 sunt
261 3803 364 3872 neque
388 3786 480 3853 fidem
505 3787 630 3854 babent.
656 3824 697 3836 -
722 3788 828 3853 Nonne
852 3805 979 3873 quoqne
1009 3786 1203 3854 mendacium
1228 3794 1286 3866 est,

68 3883 150 3958 fidem
174 3911 239 3978 qna
263 3893 471 3960 iustificamur
486 3894 569 3979 apud
595 3895 706 3974 [lenm
724 3893 754 3961 in
780 3894 960 3980 pectoribus
985 3894 1148 3960 bominum
1167 3893 1287 3962 radices

68 4009 150 4078 agere
174 4017 231 4086 per
256 4000 387 4068 verbum
406 3999 483 4068 Dei?
506 4001 594 4068 Fides
617 4001 700 4068 enim
726 4001 900 4068 iustificans
923 4007 954 4067 el
970 4001 1112 4067 absolute
1129 4000 1212 4066 omni
1231 4001 1288 4066 bo-

67 4101 133 4172 mini
159 4107 334 4174 necessaria
357 4111 466 4193 (qnam
491 4106 615 4174 scholae
632 4114 744 4174 vocant
767 4101 917 4190 infusam)
941 4107 1143 4172 baldonum
1165 4107 1286 4184 estio-
1310 4123 1363 4180 cpi.
1378 4124 1399 4178 r,
1414 4125 1435 4169 a.

71 4263 327 4282 Ἢ--η

129 4375 137 4406 ¹
157 4375 231 4431 Mon.
250 4374 305 4429 Cb:
325 4375 390 4428 Nulli
410 4373 493 4428 verbo
512 4375 615 4428 innixos
634 4377 685 4428 froc
703 4389 781 4426 sutrin
796 4375 928 4427 somnium
948 4373 1080 4438 obfirmat,
1100 4383 1171 4428 ratris
1183 4374 1287 4438 opinor,

68 4471 156 4518 senon
175 4465 224 4517 nlsl
244 4463 416 4533 prbuporue
434 4463 570 4529 discipulis
588 4465 660 4529 leges
679 4461 868 4527 praescribere,
887 4461 984 4532 quibus
1003 4465 1046 4517 suf
1065 4464 1120 4526 fuit,
1138 4463 1159 4516 si
1179 4463 1288 4530 quando

5 4575 6 4592 r
70 4551 122 4604 ratio
141 4551 294 4620 erigebatur
313 4551 385 4616 dicti,
403 4553 544 4606 auctoritas
563 4552 690 4618 magistri,
708 4551 843 4620 adeoque:
863 4553 988 4617 magister
1008 4551 1080 4606 dixit.
