3390 5096
495 351 624 399 renatus
647 350 854 399 cononussus
1227 333 1290 398 159

71 472 134 538 nori
160 473 349 552 testamenti,
372 481 409 540 ut
443 475 563 541 interea
597 473 772 540 severitatis
803 479 834 541 et
865 473 1001 541 iustitiae
1036 474 1152 541 veteris
1175 474 1292 542 instru-

71 579 159 644 menti
185 598 246 646 ooo
269 579 484 646 obliviscatur.
510 580 613 647 Potest
637 581 746 665 utique
771 579 855 646 oeus
878 580 1016 665 optimus
1032 580 1293 666 maximuslquis

71 687 167 769 negat)
193 703 250 771 pro
274 687 427 752 immensa
450 686 615 753 clementia
638 704 696 753 sua
719 686 896 753 condonare
920 685 1014 754 simul
1030 687 1155 772 cuipam
1172 693 1204 752 et
1219 703 1292 772 poe-

71 809 134 856 nam
158 811 283 859 omnem
298 795 322 871 ¹,
347 792 531 878 pracsertim
557 793 610 859 ubi
638 792 695 859 boc
721 791 796 878 ipse,
820 792 874 878 qui
911 793 997 860 solus
1020 811 1114 858 renes
1137 800 1166 858 at
1188 793 1293 859 corda

70 905 250 976 ructatur,
281 915 421 965 amaram
457 898 560 966 cordis
591 898 810 966 contritionem
845 897 973 984 exigere
1005 895 1097 983 (125)
1133 898 1227 977 videt,
1264 899 1294 966 id

71 1003 146 1086 [pund
170 1004 322 1091 singulari
347 1004 482 1090 quodam
508 1004 670 1090 privilegio
693 1004 852 1071 nonnullis
875 1023 1003 1090 quoquc
1026 1021 1209 1073 concessum
1226 1022 1295 1072 csse

70 1109 167 1176 lirina
192 1118 348 1178 testantur
370 1111 504 1196 eloquia.
529 1114 565 1178 tt
588 1130 630 1178 ex
653 1111 786 1178 adverso
808 1111 966 1179 communi
984 1111 1051 1196 lege
1068 1129 1125 1197 pro
1141 1111 1294 1179 immensa

71 1214 182 1281 iustitia
204 1235 263 1283 sna
280 1224 347 1302 post
371 1217 597 1284 relaxationem
621 1218 732 1302 culpae
756 1217 939 1284 nonnullius
958 1215 1062 1284 adbuc
1085 1235 1202 1302 prenae
1226 1235 1309 1288 rea.

71 1329 131 1387 tum
154 1321 286 1408 dependi
311 1340 346 1389 ac
370 1323 514 1390 satisfieri
539 1323 579 1389 ab
603 1324 729 1390 bomine
751 1323 899 1408 postulat.

152 1429 241 1496 Nunc
266 1437 303 1495 ut
327 1428 388 1496 alia
418 1436 556 1516 quatuor
591 1436 788 1497 sacramenia
819 1447 914 1515 quiam
950 1429 1147 1514 paucissimis
1169 1429 1294 1497 adsera—
1318 1445 1463 1492 ammae,

71 1551 146 1614 mus,
168 1554 227 1622 pro
250 1529 486 1604 adfirmatione
508 1535 634 1623 quidem
660 1535 792 1622 legimus
815 1537 847 1602 iu
871 1537 1019 1602 lotorum
1043 1535 1191 1603 historia:
1211 1535 1294 1603 Cain
1342 1553 1392 1597 aa
1406 1553 1426 1606 a

72 1641 238 1708 nudarent
263 1642 422 1728 Apostoli,
447 1642 506 1731 pai
527 1651 625 1709 erant
648 1642 897 1729 Hierosolymis,
921 1641 1010 1730 qaod
1032 1643 1204 1728 recepisset
1233 1643 1294 1710 Sa·

72 1749 181 1814 nraria
203 1747 338 1814 verbum
366 1749 436 1827 Dei,
460 1749 624 1815 nituerunt
651 1749 697 1815 ad
732 1767 785 1814 eos
820 1749 956 1814 Petroni
981 1757 1010 1814 et
1033 1749 1202 1815 loannem.
1230 1749 1296 1832 Qut

71 1873 140 1918 corn
164 1856 338 1934 venmsent,
362 1861 546 1922 oraverant
567 1873 631 1940 pro
654 1854 749 1939 apsis,
774 1863 810 1920 at
833 1853 1020 1938 acciperent
1041 1855 1200 1940 spiritam
1216 1875 1295 1922 son·

71 1969 174 2037 ctum,-
197 1962 346 2027 nondum
370 1959 455 2026 enirn
482 1961 517 2026 in
541 1979 740 2048 paenrpaarn
775 1960 910 2026 illorum
933 1969 1078 2040 venerat,
1109 1963 1166 2028 sed
1189 1961 1295 2048 bapti-

72 2067 141 2130 zati
163 2074 294 2134 tanturn
330 2075 427 2134 erant
462 2067 497 2132 in
520 2067 652 2132 nomine
685 2064 810 2132 Cllristi
847 2067 929 2132 lesa.
970 2068 1062 2133 Tana
1085 2067 1295 2153 imponebant

72 2189 188 2238 uranos
210 2192 314 2259 cuper
337 2172 410 2239 illos
433 2181 462 2238 ct
484 2171 692 2258 accipiebant
719 2173 877 2258 spiritam
912 2181 1079 2240 sanctam.
1104 2173 1163 2241 Sed
1186 2175 1294 2242 cadem

71 2293 191 2364 quoque
215 2279 348 2346 historia
372 2277 401 2344 id
426 2279 529 2364 ipsum
556 2279 665 2363 Ephesi
691 2279 856 2364 contigisse
888 2286 1057 2345 memorat:
1083 2281 1156 2357 His,
1181 2281 1294 2367 iuquit,

1350 1605 1420 1651 ibit.

73 2384 204 2462 caditis,
230 2385 498 2470 baptizatisant
523 2385 713 2452 innomine
744 2384 872 2450 domini
905 2385 990 2463 lesa,
1014 2393 1043 2452 ct
1078 2405 1155 2453 curn
1190 2388 1294 2473 rinpo-
1372 2385 1378 2398 '
1407 2383 1412 2396 ’

73 2489 186 2556 suisset
218 2491 284 2557 ttttc
319 2509 443 2557 monus
474 2489 618 2568 Paelice,
649 2491 736 2558 venit
765 2490 907 2576 spiritns
938 2499 1076 2558 soricius
1106 2511 1208 2577 saper
1230 2511 1293 2558 cos.

74 2595 224 2664 ¹luditisne
249 2597 300 2665 bic
324 2615 451 2684 quonia
475 2605 545 2682 post
581 2598 771 2682 baptismum
806 2597 877 2663 novi
910 2597 1087 2664 testamenti
1113 2598 1233 2665 visibile
1255 2599 1297 2666 si-

74 2719 177 2784 gnum,
199 2721 312 2789 nempe
347 2721 498 2770 manuum
531 2703 771 2788 impositionem,
802 2710 834 2770 et
868 2703 981 2770 efficax
1016 2703 1082 2771 sive
1116 2705 1296 2773 collativam

74 2808 196 2889 gratiae,
220 2827 332 2895 oeurpc
355 2810 503 2895 spiritum
526 2815 669 2876 sanctum
694 2809 796 2875 omnis
819 2808 1297 2896 gratiaeiontem.Neq11crero

73 2921 309 2981 consentaneum
334 2923 391 2995 est,
415 2915 576 3000 Apostolos
600 2913 780 2983 huiusmodi
805 2915 893 3000 signo
917 2933 991 2982 usos
1013 2931 1091 2994 csse,
1117 2916 1232 2983 nisiex
1250 2917 1297 2983 io-

76 3019 179 3085 stitoto
201 3030 232 3088 et
257 3021 404 3107 exemplo
426 3021 541 3089 domini
567 3039 603 3089 ac
626 3021 839 3107 praeceptoris
862 3021 910 3088 sui
936 3021 1003 3088 lesu
1021 3023 1147 3100 Christi,
1166 3022 1195 3089 id
1212 3023 1298 3109 quod

76 3121 328 3210 evangelistam
354 3127 618 3207 subindicat,ubi
654 3127 708 3207 ait,
739 3127 861 3194 oblatos
891 3127 987 3195 inisse
1022 3127 1147 3195 Christo
1172 3146 1297 3214 pueros

76 3237 108 3294 ut
129 3251 241 3300 uranus
264 3233 310 3300 eis
333 3233 532 3319 imponeretl
556 3241 587 3302 et
611 3242 717 3302 oraret
741 3251 837 3319 sopor
861 3252 931 3313 eos;
956 3235 1016 3301 hoc
1039 3241 1144 3302 autem
1169 3235 1294 3321 signnm

76 3333 203 3406 Ecclesia
228 3339 282 3406 Dei
307 3339 552 3408 confirmationis
583 3349 815 3408 sacramentum
849 3341 995 3426 appellat,
1019 3340 1114 3427 quod,
1139 3342 1220 3408 sicut
1243 3342 1297 3408 ba·

76 3443 183 3525 ptismo
207 3463 433 3530 regeneramur
455 3447 494 3513 ad
520 3447 625 3527 vitam,
650 3447 693 3514 ita
716 3446 953 3514 confirmatione
988 3448 1235 3514 corroboramur
1258 3447 1297 3514 ad

76 3565 204 3635 pugnam
228 3561 339 3619 contra
361 3551 533 3633 diabolum,
558 3571 684 3621 carnem
716 3562 747 3620 et
784 3553 947 3621 mundum.
980 3554 1032 3620 Est
1056 3553 1162 3640 itaque
1186 3553 1298 3620 confir-

77 3658 165 3722 matio
187 3666 419 3725 sacramentum
443 3677 541 3726 novae
566 3659 642 3744 legis
664 3678 683 3726 a
705 3659 831 3726 Christo
855 3659 1043 3726 institutum.

144 3997 150 4032 ¹
170 3997 255 4053 duct.
275 3999 295 4051 tl
315 4000 345 4051 5:
364 4000 418 4052 Non
438 4001 507 4052 enim
527 4003 646 4066 refragor
666 4001 748 4053 Deum
766 4013 818 4069 pro
839 3999 971 4054 tnrmensa
990 3999 1129 4054 clementia
1148 4014 1199 4054 anu
1220 4015 1298 4066 posse

77 4093 98 4134 el
115 4085 222 4156 cuipam
241 4091 267 4140 et
284 4100 401 4156 poenum
428 4102 534 4142 ornnem
562 4087 723 4144 condonare.
754 4089 853 4142 Varum
872 4103 940 4158 quac
960 4103 973 4141 a
994 4087 1134 4142 conranni
1152 4088 1208 4158 lepe
1226 4103 1297 4143 exor-

80 4171 162 4227 bilant.

142 4263 254 4320 'Enoin
274 4267 296 4318 G
315 4263 367 4318 ib:
387 4264 426 4318 nb
446 4265 571 4320 omuibus
589 4266 740 4320 Christianis
760 4273 897 4333 receptum
923 4275 962 4318 est
986 4267 1211 4320 corilirmationem
1240 4281 1299 4320 essa

79 4360 273 4418 sacramentnm,
292 4355 387 4419 partim
405 4353 501 4408 Christi
529 4357 602 4422 tacto,
631 4355 740 4424 quondo
758 4369 858 4410 monas
877 4353 1025 4425 innantibus
1046 4355 1182 4424 imposuit,
1203 4357 1297 4422 partim

79 4441 255 4504 driostoiorum
275 4443 396 4508 exempto
421 4443 591 4497 declaratum.
609 4471 644 4484 -
663 4445 812 4498 Allernmnr
841 4445 935 4498 codem
963 4444 1057 4497 ordine
1085 4445 1170 4510 primo
1199 4447 1254 4498 Act.
1273 4447 1298 4511 8,

82 4527 159 4594 tttt,
176 4531 275 4584 deinde
294 4533 351 4585 bct.
372 4534 413 4595 lii,
432 4531 456 4584 5.
477 4533 503 4584 a.
