3364 5092
511 338 624 386 narnus
647 338 854 388 cononassus
1255 323 1291 386 61

166 463 248 530 Nune
271 471 308 529 ιιι
330 480 369 528 eo
385 429 558 542 veniamus,
575 481 639 548 quo
655 463 808 529 haetenus
823 463 861 528 de
879 463 1043 548 Evangelio
1058 461 1140 530 dieta
1160 469 1301 548 spectant
1315 475 1470 575 dogma·

76 569 189 646 omnia,
210 569 353 636 fortassis
382 568 487 636 denuo
511 587 560 636 me
584 569 634 635 bio
660 577 829 654 rogaturus
852 578 899 636 εει
922 569 1120 655 quisquiam:
1145 570 1174 634 Si
1201 569 1299 636 Evan-
1324 581 1461 680 ⁸3:2⁸⁶sz

76 675 188 760 pelium
210 695 265 742 seu
292 675 344 742 lex
378 693 458 742 nova
480 676 595 742 Christi
621 694 682 741 nou
706 676 746 742 sit
768 675 865 755 aliud,
889 693 984 760 quam
1009 677 1110 760 gratia
1137 676 1202 742 sire
1225 676 1299 742 oba·
1331 637 1451 787 affli-

77 783 162 860 ritas,
182 800 336 868 quaenam
361 781 520 866 scriptura
551 790 646 868 atque
676 782 819 849 doctriua
842 781 961 848 censeri
986 781 1098 850 debeat
1124 782 1300 850 Christiana

75 897 107 954 et
134 889 317 975 Evangeliea,
343 897 492 974 tanquam
516 889 555 956 ad
573 889 772 974 Evangelium
791 889 960 974 pertinens.
979 889 1032 954 llio
1057 889 1298 974 respondemus:

75 996 339 1078 Quemadmodum
354 996 413 1079 (uti
431 996 503 1072 iam,
520 995 550 1061 ni
568 996 669 1074 iallor,
684 995 809 1062 abunde
826 995 1082 1072 monstravimus)
1100 995 1299 1079 Evangelium

76 1103 129 1168 lex
150 1101 277 1187 spiritus
300 1111 348 1170 est
373 1103 402 1168 ln
427 1101 576 1168 cordibus
600 1102 737 1169 fidelium
769 1101 865 1187 digito
898 1102 950 1168 Dei
976 1102 1042 1187 (qni
1068 1101 1199 1187 spiritus
1229 1120 1301 1167 san-

73 1217 145 1274 rtus
165 1211 223 1279 esti
248 1209 410 1293 inscripta,
434 1225 558 1275 omnem
583 1209 756 1276 doctrinam
782 1208 933 1275 divinitus
957 1207 1150 1292 inspiratam,
1185 1225 1240 1275 seu
1264 1226 1300 1274 ea

75 1313 170 1380 literis
192 1314 337 1381 mandata
360 1315 410 1392 sit,
435 1333 489 1382 seu
517 1333 572 1400 per
597 1333 709 1382 manus
733 1315 857 1394 tradita,
881 1333 936 1382 seu
963 1315 1055 1381 tacito
1090 1332 1151 1382 usu
1175 1321 1300 1400 recepta

74 1431 153 1500 (nou
174 1431 218 1486 εει
240 1421 328 1486 enim
356 1422 443 1486 Deus
466 1421 567 1509 quusi
589 1418 684 1488 durno
708 1430 746 1486 ut
767 1421 964 1500 mentietur,
987 1440 1046 1487 uec
1069 1430 1107 1486 ut
1128 1420 1220 1503 lilios
1244 1418 1299 1486 bo·
1316 1432 1468 1487 mmmm.

74 1527 172 1592 artinis
187 1534 222 1592 ut
245 1536 405 1605 mutetur,
422 1535 452 1594 et
469 1527 637 1612 aliquando
653 1545 760 1594 secum
778 1526 928 1594 dissidere
945 1527 1055 1612 possit)
1079 1527 1299 1607 Christianam,

74 1632 283 1718 Evangelieam
313 1641 345 1700 et
368 1633 557 1700 Catbolieam
594 1651 663 1700 esse
697 1633 882 1700 censendam
907 1640 1003 1720 atque
1034 1641 1176 1718 tempore
1203 1633 1301 1701 huius

72 1757 168 1806 norae
202 1740 279 1825 legis
314 1739 566 1824 amplexandam.
600 1739 800 1824 Quapropter
831 1746 868 1805 ut
892 1740 1112 1825 intelligamus,
1144 1757 1180 1806 ea
1204 1757 1298 1825 quam
1315 1754 1471 1852 Quemque

73 1845 133 1912 lale
155 1852 266 1930 pateat,
290 1846 383 1932 agite,
401 1863 458 1930 per
481 1864 561 1931 quos
585 1846 672 1912 velut
694 1847 839 1932 organa¹
867 1847 990 1912 locutus
1013 1846 1054 1912 sit
1077 1846 1194 1912 bomini
1212 1845 1300 1931 spiri·
1319 1807 1471 1905 ffifm

72 1959 125 2018 tus
147 1953 210 2029 Dei,
236 1952 396 2038 paulisper
419 1950 644 2037 expendamus.

160 2059 314 2143 Principio
337 2058 450 2144 spiritu
475 2067 582 2126 saneto
610 2058 783 2125 iliustratus
806 2058 903 2156 luisse
927 2058 1042 2126 veteris
1065 2059 1266 2126 instrumenti
1286 2059 1298 2098 ²
1321 2073 1338 2117 ι

71 2171 216 2232 auctores
239 2166 344 2232 Mosen
368 2171 463 2250 atque
486 2171 607 2232 ceteros
631 2165 842 2250 propbetas,
836 2185 865 2231 m
890 2164 1031 2232 confesso
1054 2173 1102 2232 est
1126 2165 1170 2247 (ni
1195 2164 1323 2248 iallor)·
1317 2126 1470 2225 billll‘ll?

73 2269 164 2338 bodie
185 2271 269 2357 apud
285 2288 404 2350 omnes,
428 2271 482 2356 qui
506 2270 672 2337 Christiani
699 2290 827 2357 quoquo
844 2271 936 2337 modo
953 2270 1049 2338 videri
1067 2288 1103 2337 ae
1119 2271 1227 2337 baberi
1245 2289 1299 2336 ro-

74 2377 151 2444 lunt.
176 2378 251 2444 Nam
276 2395 338 2445 uon
362 2377 507 2444 Cbristus
524 2377 615 2444 modo
637 2384 668 2444 et
693 2377 904 2463 Evangelistae
927 2377 1126 2463 lpostottque
1151 2384 1242 2444 retus
1258 2377 1301 2444 in-

73 2490 286 2551 strumentum
310 2483 537 2569 approbarunt,
561 2493 592 2551 et
609 2485 722 2569 passim
740 2484 824 2551 illino
849 2483 1025 2551 testimonia
1048 2483 1253 2572 proferentes,
1269 2491 1301 2549 ει

71 2590 203 2658 subinde
227 2607 285 2658 nos
308 2589 383 2656 illue
407 2590 612 2669 remittentes,
636 2607 747 2657 rerum
783 2591 875 2656 etiam
902 2590 1012 2657 Petrus
1036 2589 1093 2656 bae
1116 2589 1155 2656 de
1179 2607 1214 2655 re
1246 2607 1300 2655 no

73 2697 212 2764 minatim
237 2704 270 2764 et
292 2705 400 2781 aperte
424 2696 582 2764 scribens.
607 2695 692 2775 Non,
711 2697 822 2782 inquit,
839 2696 1005 2763 volontate
1021 2693 1173 2762 bumana
1195 2695 1301 2762 allato
1316 2711 1338 2754 ι
1346 2711 1424 2766 retr
1434 2711 1468 2756 ιι.

71 2813 115 2870 est
137 2803 323 2892 aliquunde
343 2800 541 2889 propdetio,·
564 2803 622 2870 sed
644 2802 767 2889 spiritu
783 2812 899 2870 saneto
916 2803 1077 2888 inspirati
1099 2801 1201 2869 locuti
1222 2811 1301 2868 aurit

69 2909 180 2977 saneti
204 2910 264 2976 bet
284 2917 314 2976 et
336 2907 492 2976 bornines.
518 2909 603 2976 Unde
627 2911 781 2995 propbeta
797 2909 920 2994 regius:
938 2909 1082 2996 lippam,
1099 2908 1211 2996 inquit,
1227 2928 1301 2992 mea
1319 2923 1469 2978 inunita.

71 3017 224 3082 samnius
245 3015 377 3082 scribae
398 3015 549 3082 velociter
572 3015 764 3083 scribentis:
789 3034 901 3102 nempe
925 3015 1056 3100 spiritus
1080 3015 1189 3094 sancti,
1210 3015 1302 3082 euius

70 3123 169 3206 gratia
193 3121 284 3188 tarda
306 3122 405 3189 nescit
421 3121 597 3200 molimina;
621 3129 652 3190 et
675 3123 736 3188 aliu
760 3122 790 3188 in
817 3122 897 3188 loco:
925 3121 1074 3188 Atidium
1090 3122 1172 3211 quid
1188 3121 1301 3210 loquo·
1320 3135 1470 3190 rutnans.

71 3237 125 3294 tur
150 3229 186 3294 in
210 3247 261 3295 rue
284 3228 440 3294 dominos
466 3229 562 3294 Deam.

158 3333 229 3418 (30)
256 3335 371 3402 Deinde
407 3353 482 3403 vero
515 3335 725 3421 Evangelistas
759 3343 790 3402 ει
824 3336 985 3421 apostolos
1016 3335 1087 3402 novi
1124 3336 1298 3402 testamenti
1323 3351 1347 3396 ιι

71 3442 242 3528 scriptores
267 3442 316 3508 rel
340 3441 431 3528 longe
454 3443 610 3528 copiosius
626 3442 734 3510 eodem
759 3443 872 3527 spiritu
889 3442 1082 3509 illuminatos
1097 3460 1133 3508 ae
1156 3441 1300 3527 pertusos
1320 3403 1471 3504 rilimffi'

70 3547 177 3624 luisse,
201 3547 280 3614 nulli
304 3565 444 3634 unquam
470 3549 499 3614 in
525 3550 627 3634 speeie
643 3549 820 3616 Christiano
843 3548 1060 3615 addubitatum
1085 3547 1210 3633 quidem
1234 3548 1301 3632 opi-

71 3673 145 3733 nor,
171 3654 267 3740 idque
291 3673 352 3722 non
376 3655 478 3722 solum
502 3655 543 3722 ob
567 3656 642 3723 illud
668 3655 781 3722 Christi
807 3655 939 3722 verbum
963 3655 1001 3720 ad
1026 3671 1119 3721 suos:
1147 3652 1220 3720 Nora
1244 3673 1302 3719 vos
1328 3669 1403 3768 utri&
1418 3670 1452 3724 m,

70 3763 146 3828 estis
170 3761 231 3849 qui
252 3761 439 3849 loquimini,
462 3761 521 3828 sed
549 3762 693 3848 spiritus
722 3763 834 3846 patris
866 3762 976 3840 uestri,
1005 3761 1064 3848 qui
1086 3761 1234 3848 loquitur
1265 3761 1301 3826 in
1401 3755 1406 3768 ’

72 3867 181 3945 uobis,-
203 3885 316 3934 verum
341 3876 373 3934 et
397 3868 495 3935 multo
520 3869 618 3954 magis
652 3868 692 3935 ob
716 3867 757 3945 id,
792 3867 888 3953 quod,
913 3867 957 3934 uti
983 3885 1080 3952 supra
1112 3865 1172 3932 iam
1204 3867 1299 3934 semel

70 3983 165 4061 utque
190 3975 305 4042 iterum
330 3975 501 4058 attigimus,
526 3976 671 4060 spiritum
705 3981 848 4042 sanctum
872 3992 929 4040 eeu
955 3992 1052 4040 norae
1084 3973 1161 4058 legis
1190 3981 1301 4040 auctor

140 4259 149 4290 ¹
170 4261 244 4314 Mori.
266 4261 273 4312 Ι
294 4257 345 4312 ab:
365 4259 506 4312 llominum
526 4259 633 4312 interest
651 4260 805 4325 dispensare
822 4265 994 4322 sacramenta,
1006 4259 1104 4326 quibus
1123 4271 1170 4312 ceu
1189 4259 1301 4328 nrporu's

72 4351 138 4402 beris
158 4363 235 4402 suam
255 4348 366 4412 gratiam
386 4349 522 4400 bominum
543 4347 677 4402 mentibus
695 4349 815 4402 iufundit.
828 4349 867 4403 Cl.
887 4347 954 4400 ibij
974 4345 1025 4410 ab,
1046 4349 1066 4400 Η
1087 4349 1116 4410 2;
1133 4355 1157 4400 et
1171 4347 1232 4402 Nol.
1246 4349 1263 4400 S
1276 4350 1300 4400 3.

140 4437 151 4470 ¹
173 4458 187 4486 ι
202 4437 286 4490 Vetus
304 4451 459 4504 novumque
477 4436 714 4492 mairomontem»
747 4441 844 4504 passim
873 4445 898 4490 ει
918 4439 959 4490 bic
984 4445 1009 4490 et
1034 4438 1058 4490 in
1084 4437 1210 4503 operibus
1236 4437 1302 4491 ller-

69 4525 164 4584 tornet
181 4527 278 4594 legitur
296 4541 349 4580 non
367 4541 494 4583 seclusae
512 4533 590 4582 roim
607 4533 633 4582 et
651 4541 750 4581 novrrm
772 4532 963 4581 testamentum.
