3384 5082
337 278 401 344 ets
651 297 846 346 courcrxmo
869 299 1099 346 ccrunuruusm
1124 299 1241 348 nxurcr.

427 419 604 487 secundum
629 421 835 500 mendacium,
859 421 943 508 quod
967 441 1024 489 nec
1047 441 1101 490 eus
1123 430 1216 490 extra
1238 423 1391 490 Ecclesiae
1423 441 1575 490 commu-

337 526 460 593 nionem
484 527 655 605 eiecerunt,
680 529 733 613 qui
760 528 861 595 missis
893 529 1030 594 llomauo
1058 547 1145 596 more
1175 529 1340 596 celebratis
1371 529 1572 608 interfuere3

336 633 389 700 sed
414 651 472 699 cur
497 651 557 699 uon
580 633 723 700 dixistis:
749 635 851 720 prism
872 634 1100 702 Christianismi
1122 635 1349 703 consuetudine
1372 635 1573 703 celebratis?

337 745 374 806 ut
392 739 547 825 scriptum
572 749 640 806 erat
664 741 693 806 in
719 741 878 826 prioribus
900 741 1059 808 articulis:
1083 743 1166 828 qnod
1185 743 1302 810 nullam
1325 743 1444 810 vidistis
1469 744 1574 810 victo

337 847 402 913 riae
426 865 512 932 spem
539 847 626 914 vobis
649 848 800 926 arridere,
825 866 882 914 nic
906 857 1012 934 patere
1035 849 1145 916 rimam
1169 849 1317 936 aliquam,
1341 868 1404 935 qua
1424 851 1573 918 elabere

336 953 424 1032 mini,
447 973 519 1020 eum
545 963 647 1021 vester
672 953 816 1021 missandi
844 955 923 1021 ritus
947 956 1126 1041 longissime
1147 955 1236 1023 abest
1258 957 1356 1023 arilu
1373 957 1574 1042 Apostolicae

338 1059 508 1138 Ecclesiam
532 1069 564 1126 et
585 1060 625 1126 ad
649 1061 819 1127 llomamuu
846 1079 964 1128 morem
989 1071 1137 1147 tanquam
1154 1063 1192 1128 ad
1209 1063 1330 1147 asylum
1346 1063 1473 1150 aliquod
1489 1081 1572 1129 eon-

337 1163 470 1250 lugistiS,
493 1185 587 1251 qrrem
613 1166 745 1234 libenter
768 1167 980 1252 permittimus
1003 1169 1034 1234 iu
1060 1177 1163 1235 vestra
1187 1187 1320 1254 regnare
1344 1169 1486 1236 Ecclesia.

427 1272 578 1352 Tertium,
603 1273 685 1358 qnotl
711 1291 813 1360 neque
838 1275 1047 1359 implorarunt
1069 1295 1088 1341 a
1111 1276 1295 1362 magistratu
1321 1275 1418 1342 robur
1443 1276 1572 1342 brachii

338 1379 488 1446 secularis
512 1384 561 1462 (ut
586 1397 640 1446 vos
664 1380 841 1466 loquimini)
864 1380 902 1446 ad
928 1381 1024 1448 ullius
1046 1381 1380 1449 excommunicationis
1402 1382 1572 1449 execratio

338 1504 427 1564 nem;
453 1486 482 1552 id
507 1487 589 1572 qrrod
615 1487 695 1554 lacili
725 1488 848 1572 negotio
879 1487 1045 1572 probatum
1077 1489 1115 1554 iri
1139 1497 1233 1574 queat
1264 1489 1362 1555 literis
1392 1496 1423 1554 et
1453 1489 1572 1574 sigillis

338 1600 404 1659 tum
430 1593 630 1678 magistratus
655 1602 721 1660 tum
757 1595 891 1660 civitatis
914 1594 1121 1680 vibergensis.
1147 1595 1263 1661 Verum
1293 1595 1390 1662 libere
1413 1597 1571 1672 latentur,

337 1717 370 1766 se
395 1699 542 1766 indociles
564 1700 715 1786 qrrosdam
740 1709 770 1766 et
788 1701 952 1786 praefracti
971 1701 1083 1786 ingenii
1100 1701 1293 1768 sacrificulos
1310 1699 1320 1734 ¹
1345 1702 1571 1768 excommnni-

338 1824 435 1884 casse,
459 1807 512 1892 qrii
538 1807 738 1892 pertinaciter
763 1807 969 1892 perstiterunt
993 1808 1023 1874 in
1048 1826 1178 1874 suarum
1212 1808 1378 1875 missarum
1402 1808 1570 1874 abomina-

339 1913 485 1992 tionibus,
509 1933 570 1980 non
595 1915 661 1980 sine
684 1915 770 2000 gravi
797 1914 996 2000 Evangelicae
1020 1915 1180 1981 doctrinae
1203 1915 1348 1981 irrisione
1370 1923 1401 1980 et
1424 1920 1571 1982 coutem-

339 2027 394 2104 ptu
419 2037 593 2110 magnoque
624 2019 811 2104 simplicium
844 2021 1022 2086 animorum
1053 2021 1249 2087 nllendiculn.
1281 2019 1340 2087 Sed
1370 2037 1424 2086 eos
1458 2027 1569 2086 umen

338 2145 563 2211 saepenumero
587 2127 726 2194 habuere
751 2128 840 2212 prius
862 2127 1045 2207 admonitos,
1062 2135 1098 2194 ul
1115 2128 1230 2195 relictis
1252 2127 1417 2194 erroribus
1433 2127 1462 2193 in
1482 2129 1569 2193 viam

339 2234 477 2300 redirent
500 2234 648 2300 veritalis.
681 2237 716 2300 hl
741 2234 793 2300 ubi
826 2253 893 2301 sese
925 2235 1001 2301 nihil
1039 2235 1190 2319 prolicere
1215 2233 1361 2301 viderunt
1396 2233 1568 2313 monendo,

338 2339 545 2418 exbnrtaudo,
571 2341 668 2426 magis
691 2351 785 2427 qnam
811 2341 834 2407 si
860 2342 964 2408 surdis
981 2349 1162 2408 narrassent
1178 2341 1327 2419 fabulam,
1344 2348 1419 2408 tunc
1433 2340 1568 2407 demtum

338 2448 385 2513 usi
411 2465 468 2514 sua
491 2449 676 2515 auctoritate
701 2449 769 2514 illos
792 2467 809 2515 e
832 2449 998 2516 Christiani
1024 2449 1129 2534 populi
1154 2448 1312 2516 consortio
1338 2448 1453 2516 eiectos
1476 2449 1570 2514 Sata-

338 2572 396 2620 nae
421 2573 516 2639 regno
539 2554 784 2640 adscripserunt,
808 2552 899 2636 (222)
923 2573 995 2622 cum
1015 2556 1178 2621 inuniversae
1197 2555 1395 2640 vibergensis
1412 2554 1570 2621 Ecclesiae

338 2677 491 2726 consensu
514 2668 545 2726 et
568 2661 787 2728 acclamatione
811 2661 901 2726 iuxta
923 2661 1037 2727 Christi
1062 2660 1235 2727 doctrinam
1252 2660 1358 2726 llattlr.
1379 2661 1429 2726 l8.
1454 2663 1569 2745 (quam

339 2783 394 2832 vos
410 2766 606 2851 impudenter
621 2769 824 2834 temeritatem
841 2768 1027 2853 attrebatis),
1040 2776 1071 2834 et
1083 2768 1167 2833 Pauli
1184 2767 1366 2852 exemplum
1386 2769 1414 2832 l.
1428 2766 1507 2832 Tim.
1525 2770 1570 2844 l.,

338 2873 436 2939 donec
461 2893 516 2958 per
541 2874 784 2960 resipiscentiam
810 2875 1103 2942 converterentur*
1127 2875 1164 2940 ad
1191 2872 1356 2940 Ecclesiam
1380 2873 1506 2940 Christi.

856 3083 1044 3158 Conlutalio.

428 3302 548 3368 Utinam
574 3301 691 3368 mentiti
717 3301 885 3367 fuissemus
909 3302 938 3367 in
971 3301 1117 3367 omnibus
1148 3319 1184 3366 ac
1216 3318 1278 3366 non
1302 3299 1407 3386 potius
1430 3300 1568 3366 nimium

341 3425 437 3473 verax
462 3408 571 3475 luisset
596 3416 659 3474 tuta
684 3409 759 3475 haec
783 3408 940 3474 accusatio
964 3416 1079 3474 nostra.
1105 3407 1186 3472 Nihil
1210 3407 1292 3472 enim
1325 3405 1414 3472 vobis
1439 3415 1569 3491 praeter

339 3533 445 3581 sanam
472 3515 629 3582 mentem²
652 3523 747 3600 atque
777 3515 949 3582 doctrinam
984 3517 1204 3600 imprecamur.
1236 3514 1294 3580 Sed
1325 3515 1475 3599 quoniam
1505 3514 1570 3580 tria

341 3617 391 3688 hic
417 3622 575 3689 mendacia
600 3623 750 3689 Ecclesiae
774 3622 973 3706 Vihergensis
996 3622 1148 3688 ministris
1171 3622 1248 3686 lalso
1271 3627 1302 3687 et
1326 3620 1566 3705 impudentcra

335 3729 428 3796 nohis
441 3727 566 3814 impingi
581 3729 775 3805 contenditis,
788 3729 879 3813 agite,
893 3729 1050 3814 singulum
1067 3727 1214 3813 quodque
1231 3727 1339 3812 paucis
1351 3726 1565 3812 expendatur.

430 3836 593 3921 Principio,
617 3854 691 3902 num
716 3843 763 3902 est
788 3833 994 3910 mendacium,
1019 3842 1050 3902 et
1074 3835 1142 3900 illos
1164 3842 1195 3899 et
1220 3852 1274 3900 vos
1297 3832 1438 3918 adeoque
1453 3851 1568 3900 omues

340 3943 430 4010 istius
453 3953 575 4010 vestrae
598 3943 740 4010 lactinuis
770 3941 937 4027 complices
960 3942 1248 4008 excommunicatos
1278 3947 1366 4009 esset
1391 3940 1465 4006 Nam
1491 3959 1567 4008 curu

401 4077 411 4098 ⁰
428 4079 604 4124 convertentur.

411 4323 418 4353 ¹
440 4328 474 4378 Ex
494 4326 533 4377 his
553 4339 620 4376 uuus
640 4324 687 4376 luit
706 4321 833 4392 Mapbtcr
853 4321 985 4390 illorsiup.
1005 4319 1131 4386 Ettritum,
1152 4319 1254 4385 Viborg
1275 4319 1411 4384 Beretuing
1432 4318 1475 4370 35.

410 4413 420 4444 ²
441 4419 500 4469 Ass.
520 4415 588 4466 29⁸2:
608 4414 678 4466 Eaxit
697 4413 766 4464 Deus
784 4411 908 4477 optimus,
929 4419 956 4464 ut
973 4409 1011 4462 nd
1028 4423 1127 4464 acuum
1146 4413 1261 4464 meatem
1279 4407 1441 4475 quaudoque
1454 4406 1567 4459 redeant

340 4519 472 4572 suumque
491 4517 607 4556 errorem
628 4503 770 4567 corrigant.
