3390 5096
341 221 405 289 aar
656 239 854 289 cnururarm
876 239 1108 288 curuennmsm
1131 239 1248 287 nautor,

340 365 423 432 omni
449 371 533 432 recte
557 364 671 432 volenti
696 382 819 450 semper
842 365 986 450 exposita
1008 367 1069 445 est)
1089 382 1150 430 non
1176 363 1267 432 modo
1295 362 1453 449 possibilia
1478 371 1572 440 sunt,

341 489 452 539 verum
476 471 570 540 etiam
593 470 704 550 facilia,
727 471 993 557 quemadmodum
1016 469 1055 538 de
1078 479 1150 538 uoto
1174 470 1374 538 sacerdotalis
1396 469 1572 537 caelibatus

340 578 473 646 articulo
495 578 609 646 llVll.¹
632 579 751 646 dictum
775 586 831 645 est.
856 577 988 663 Oportet
1009 577 1091 645 enim
1116 576 1327 644 confiderem
1351 577 1452 644 116666
1476 577 1573 642 iuxta

189 701 246 746 rm.
261 700 282 754 t,
296 699 317 745 t·
340 685 513 753 doctrinam
537 685 754 771 hpostulicam,
770 684 854 772 quod
870 684 932 773 qni
951 685 1055 770 coepit
1077 685 1114 750 in
1138 683 1227 750 nobis
1242 703 1326 771 6666
1342 681 1474 761 bonum,
1487 702 1572 768 per·
1666 671 1667 722 t

339 789 425 878 ficiet
448 811 552 880 usque
574 792 611 858 in
633 792 719 858 dt'em
743 791 820 858 Iesu
845 787 978 858 Christi.

430 897 518 965 Nunc
542 915 618 964 vero
642 897 779 965 rationes
802 904 924 965 vestrae
955 897 1107 983 prodeant
1138 897 1169 962 ln
1199 895 1347 963 medinm.
1381 895 1482 962 Prima
1504 895 1570 978 (iu-

341 1004 451 1089 qultis)
475 1004 572 1074 huius
594 1005 718 1072 articuli
745 1021 818 1090 pars
840 995 1022 1087 (secundam
1047 1003 1129 1070 enim
1155 1002 1193 1069 ad
1225 1003 1358 1087 primam
1384 1002 1571 1068 61166666-

341 1111 429 1197 sequi
455 1111 644 1196 supponitis)
660 1110 814 1196 probatur
838 1111 943 1178 verbis
967 1111 1155 1178 Paulinisl.
1179 1110 1249 1176 Cor.
1275 1113 1317 1188 7,
1342 1110 1413 1186 illis,
1436 1109 1568 1196 opinor:
1666 1095 1667 1106 ’

190 1233 311 1333 6666
342 1217 454 1284 Pretio
477 1218 578 1302 empti
599 1217 686 1296 estas,
702 1217 800 1284 nolite
821 1215 898 1301 fieri
911 1236 999 1283 serm
995 1213 1186 1283 hominnm
1209 1221 1267 1284 616
1292 1215 1329 1284 Et
1351 1215 1417 1282 Gal.
1442 1218 1473 1282 5.
1496 1233 1570 1281 ver-

198 1289 316 1394 nn¹.³sr
340 1323 453 1401 bisul
478 1324 578 1402 lallor,
595 1323 666 1402 illis,
690 1324 807 1410 qulbus
824 1341 897 1390 mox
914 1324 945 1390 in
970 1323 1072 1390 lronte
1087 1325 1148 1390 ait:
1173 1323 1261 1390 State
1280 1331 1309 1388 et
1332 1321 1430 1389 661616
1444 1323 1572 1388 herum

341 1431 420 1516 iugo
443 1431 613 1497 servitutis
629 1429 799 1496 contineri.
824 1431 900 1497 Nam
924 1431 1093 1515 utriusque
1116 1429 1173 1498 loci
1192 1429 1253 1497 tim
1277 1429 1472 1515 explicantes
1490 1428 1571 1495 adii·

341 1537 428 1604 citls:
458 1563 473 1594 «
491 1537 604 1622 lngrati
629 1536 711 1604 enim
736 1555 847 1603 sumus
870 1536 969 1604 loturi
988 1535 1122 1616 Christe,
1146 1553 1186 1602 ex
1210 1555 1276 1621 qno
1296 1553 1354 1602 nos
1375 1535 1513 1602 asseruit
1534 1535 1570 1600 ln

342 1642 528 1722 libertatem,
552 1643 576 1710 si
609 1661 724 1710 rursus
755 1651 865 1728 sponte
897 1651 1004 1709 nostra
1036 1642 1279 1728 praecipitemur
1310 1642 1341 1708 in
1371 1641 1570 1720 seruitutem,

342 1750 504 1835 perpetuis
529 1750 608 1816 rotis
631 1749 840 1834 astringentes
862 1749 1068 1816 conscientias
1091 1756 1214 1816 nostras
1232 1775 1261 1813 ι.
1285 1748 1378 1835 Quid,
1401 1766 1468 1824 oro,
1491 1748 1571 1814 haec

340 1855 408 1922 loca
424 1855 574 1933 alliciunt,
598 1855 750 1922 adversus
765 1855 967 1922 monasticam
985 1856 1102 1921 vitam?
1126 1861 1168 1920 hn
1194 1873 1255 1922 non
1272 1855 1369 1941 pudet
1392 1853 1570 1921 istiusmodi

342 1961 517 2048 praestigiis
540 1961 672 2028 illudere
695 1961 883 2046 simplicium
900 1961 1022 2041 animis,
1046 1962 1135 2047 qnasi
1157 1962 1264 2029 nrrllus
1287 1961 1337 2040 sit,
1360 1961 1415 2046 qui
1438 1978 1492 2028 eas
1515 1959 1572 2026 de-

342 2077 447 2154 tegere
470 2075 586 2154 queat?
609 2069 684 2135 Nam
710 2077 847 2154 utroque
867 2069 898 2134 in
916 2069 984 2135 loco
999 2069 1164 2154 Apostolus
1180 2066 1348 2153 loquitor*
1365 2068 1466 2154 palam
1482 2067 1572 2134 etde

341 2177 490 2242 llosaicae
514 2175 591 2260 legis
614 2174 766 2242 servitute
788 2184 820 2242 et
842 2175 1060 2242 observatione
1084 2175 1227 2260 legalium
1251 2175 1513 2252 ceremoniarum,
1529 2173 1572 2240 ad
1666 2175 1667 2194 ¹

341 2299 448 2367 qnam,
472 2281 596 2348 vivente
619 2281 723 2348 adhuc
747 2282 852 2360 Paulo,
877 2281 1124 2367 pseudoapostoli
1149 2299 1305 2366 nusquam
1323 2299 1384 2347 non
1405 2280 1476 2347 fidei
1494 2298 1572 2347 neo

342 2389 456 2474 phytns
480 2387 658 2468 illiciebant,
682 2389 946 2474 quemadmodum
971 2387 1527 2474 6666616616666616616166661,
1551 2405 1574 2452 a
1666 2393 1667 2420 ³

342 2513 405 2580 qua
430 2495 543 2561 Paulus
568 2494 685 2580 ubique
709 2494 798 2562 docet
821 2513 878 2562 nos
902 2494 1016 2562 Christi
1041 2495 1141 2580 gratia
1167 2493 1323 2574 liberatos,
1344 2501 1375 2561 et
1398 2494 1475 2578 legis
1498 2511 1574 2559 um·
1666 2507 1667 2536 t

342 2602 417 2668 bras
440 2601 614 2680 evanuisse,
640 2611 839 2687 posteaquam
857 2602 913 2668 lnx
931 2601 1086 2686 Evangelii
1105 2600 1222 2668 mundo
1246 2601 1362 2668 illuxit.
1379 2604 1415 2667 ht
1439 2601 1470 2666 in
1488 2601 1572 2667 hanc

345 2707 527 2775 servitutem
547 2725 602 2793 per
619 2715 690 2775 vota
714 2707 885 2774 monastica
909 2708 1152 2793 haudquaquam
1169 2708 1362 2775 coniicimur.
1385 2707 1462 2793 Quis
1477 2704 1574 2791 (207)

343 2833 479 2900 namque
503 2814 729 2881 monachorum
763 2814 853 2882 hodie
885 2815 998 2900 legales
1028 2815 1174 2882 observat
1205 2815 1407 2893 ceremonias,
1438 2833 1475 2882 66
1505 2831 1574 2880 666

342 2922 447 3006 potius
470 2921 553 2988 omni
580 2920 673 2988 modo
695 2939 747 2988 eas
778 2939 839 2987 non
872 2923 973 2988 solnm
1005 2923 1050 2988 uti
1083 2929 1234 3001 mortuas,
1266 2921 1318 2990 sed
1347 2922 1439 2988 etiarn
1472 2920 1574 2988 ueluti

342 3027 520 3096 mortiferas
551 3027 768 3095 abominatur!
794 3029 927 3096 Tantum
961 3029 1057 3114 igitur
1088 3029 1186 3108 abest,
1218 3028 1263 3096 uti
1297 3028 1467 3095 monastica
1499 3035 1576 3094 rota

343 3135 537 3202 Christianae
568 3134 701 3210 libertati
733 3135 942 3202 adversentur
972 3135 1161 3221 Christoque
1191 3134 1446 3221 ingratitudinem
1477 3135 1575 3226 exhi·

343 3241 446 3320 beant,
471 3249 640 3309 utcontra
670 3241 775 3326 potius
804 3259 872 3308 eam
905 3259 1094 3327 magnopere
1120 3248 1322 3328 promoveant
1349 3258 1575 3326 summamque

343 3348 373 3414 in
398 3348 558 3415 Christum
578 3348 611 3380 *¹*
634 3347 856 3435 gratitudinem
880 3347 1049 3427 declarent,
1066 3365 1178 3434 nempe
1203 3366 1264 3414 non
1290 3347 1380 3416 modo
1402 3355 1575 3433 praecepta

342 3457 421 3535 eius,
446 3473 556 3523 verum
580 3456 672 3522 etiam
701 3455 800 3542 ipsius
823 3455 952 3523 consilia
975 3456 1144 3541 sequendo.
1168 3456 1244 3522 Nam
1269 3455 1328 3534 tuti
1353 3453 1413 3522 sub
1435 3454 1575 3521 articulo

343 3561 510 3630 secundo³
533 3561 651 3629 dictum
676 3567 735 3644 est)
759 3562 935 3629 Christiana
959 3581 1015 3629 seu
1048 3562 1229 3648 Evangelica
1256 3561 1393 3641 libertas,
1417 3579 1499 3646 quae
1523 3561 1576 3628 in·

344 3669 494 3754 telligitur
518 3669 693 3754 redemptio
715 3688 733 3736 a
756 3679 893 3754 peccato,
924 3676 1053 3736 aeterna
1076 3676 1186 3748 morte,
1209 3669 1332 3736 diaholo
1354 3675 1385 3736 et
1416 3667 1484 3753 lege
1507 3669 1575 3734 llo-

343 3776 425 3842 saica
450 3793 504 3861 per
528 3775 687 3842 Christum
711 3785 742 3844 et
767 3776 967 3862 Evangelium
986 3777 1064 3843 lacta
1080 3777 1104 3854 ⁴,
1128 3775 1308 3844 summatim
1332 3793 1392 3842 666
1409 3782 1458 3842 est
1472 3775 1574 3855 aliud,

405 3909 416 3931 ⁸
432 3909 568 3968 Apostolum
585 3908 657 3966 loqui.
981 3908 1005 3930 ⁰·
1023 3908 1126 3957 Christo.

415 4167 423 4199 ¹
445 4171 530 4236 Supra
552 4168 612 4223 1111.
1107 4167 1117 4196 “
1139 4169 1189 4221 116
1208 4183 1248 4236 sq.

414 4257 425 4286 ⁸
445 4260 495 4311 tna
515 4273 554 4326 sq.

415 4343 425 4374 ⁴
443 4348 515 4403 Mon.
536 4347 556 4398 1)
575 4348 606 4400 2:
626 4347 695 4400 llaec
713 4347 846 4401 libertas...
864 4347 952 4402 eximit
971 4361 985 4400 6
1006 4347 1062 4400 dira
1081 4347 1202 4415 adeoque
1215 4347 1347 4412 tyrannica
1365 4345 1493 4400 66611616
1511 4359 1573 4412 pec·

344 4437 403 4501 cati,
422 4451 491 4504 quae
509 4435 621 4490 libertati
639 4451 670 4489 ex
689 4436 817 4490 diametro
838 4446 966 4502 pugnat...
986 4435 1193 4490 0360161666
1217 4436 1251 4490 ad
1277 4438 1326 4490 hoc
1352 4435 1422 4490 venit
1447 4435 1473 4488 in
1496 4449 1573 4490 mun·
