3378 5082
501 349 615 398 namus
636 348 842 398 conencssns.
1240 331 1281 398 37

64 483 186 559 plnram
211 474 301 542 nobis
324 491 393 542 esse
417 473 643 559 recipiendum.
668 474 889 560 Quamobrem,
912 493 931 540 o
954 491 1009 542 ros
1025 474 1197 561 Evangeliei
1214 492 1284 541 eon·

62 581 245 658 cinnatores,
270 591 306 648 nt
330 580 488 666 egregiam
524 580 616 647 istam
650 579 859 666 responsionis
894 589 1015 649 vestrae
1039 581 1283 666 inscriptionem,

63 689 129 770 plns
153 687 186 753 in
222 705 350 754 recessu
387 686 495 754 veneni
522 686 701 765 habentem,
724 706 818 773 quarn
843 687 945 754 ironte
967 705 1042 772 prae
1066 706 1099 754 se
1121 687 1283 766 terentem,

60 795 255 880 quamlibet¹
292 795 323 860 in
360 794 495 880 speciem
533 794 642 861 lectori
677 792 906 873 adblandiatur,
938 793 1088 860 radicitus
1117 793 1284 879 aliquando

60 901 285 980 convellamus,
308 899 413 986 primo
436 900 574 986 quidem,
599 918 654 967 tos
677 918 716 967 ne
741 899 892 985 legitimos
915 899 1040 986 quidem
1057 897 1285 968 concionatores

60 1025 124 1074 esse
147 1006 344 1086 docebimus
368 1007 505 1092 priorem
534 1008 622 1074 illurn
646 1025 787 1074 errorem
812 1026 880 1074 una·
897 1007 1069 1092 eademqne
1093 1024 1188 1091 opera
1210 1023 1284 1073 con·

61 1114 212 1192 lituturi;
235 1114 348 1182 deinde
372 1131 446 1180 vero
464 1113 668 1200 posteriorem
683 1113 778 1180 simul
793 1131 933 1180 errorem
950 1113 1168 1199 improbaturi,
1185 1113 1285 1180 multo

62 1221 164 1286 minus
189 1217 392 1308 Evangelicos
414 1238 470 1287 tos
492 1237 560 1288 esse
583 1220 792 1287 ostendemus

146 1328 225 1394 Nam
250 1327 360 1395 dieite:
383 1327 461 1411 Quis
484 1326 607 1394 tarrdmn
640 1345 695 1392 vos
725 1326 762 1392 ad
798 1325 1042 1394 concionandum
1075 1327 1190 1412 elegit?
1213 1325 1284 1411 quis
1305 1341 1451 1406 nemesi·-

60 1435 95 1500 sd
126 1435 407 1520 evangelizandum
443 1435 586 1501 vocavit?
617 1435 688 1519 quis
719 1433 805 1500 verbi
839 1433 996 1500 ministros
1030 1433 1188 1500 instituit?
1211 1431 1283 1518 quis
1311 1395 1382 1546 ‘21:331
1382 1396 1446 1546 2323

61 1540 196 1628 deniqne
217 1542 257 1607 ad
283 1540 527 1626 praedicandum
553 1541 661 1608 misit?
648 1541 763 1606 tNum
788 1540 934 1625 legistis
927 1559 958 1606 tn
976 1540 1090 1608 veteris
1107 1537 1281 1606 testamenti
1353 1567 1399 1599 m

62 1647 148 1714 libris
172 1649 290 1725 llosen,
314 1647 445 1726 Esaiam,
470 1648 666 1726 Hieremiam,
691 1647 891 1725 Ezechielem,
914 1647 1053 1732 aliosque
1077 1646 1130 1712 Dei
1149 1647 1283 1731 propbe-

63 1763 106 1820 tas
128 1754 283 1821 divinitus
306 1753 344 1821 ad
369 1754 428 1821 boc
453 1753 590 1820 cilicium
614 1753 739 1832 electos,
764 1762 897 1832 vocatos,
924 1753 1080 1820 institutos
1103 1758 1134 1819 el
1152 1752 1284 1818 missos?

62 1863 94 1926 ‚tt
116 1879 133 1928 e
158 1861 320 1928 contrario
346 1859 385 1927 de
408 1859 700 1946 pseudoprophetis,
723 1859 806 1945 quod
829 1859 912 1945 apud
925 1859 1109 1926 Hieremiam
1135 1859 1283 1944 legimus:

64 1967 161 2034 Falso
181 1964 363 2053 prophetae
389 1967 617 2034 vaticinantur
641 1967 675 2032 in
709 1967 840 2033 contine
862 1985 956 2045 meo,·
979 1985 1045 2032 acon
1067 1965 1147 2032 anisi
1168 1985 1232 2044 eos,
1255 1971 1285 2032 et
1302 1979 1451 2036 urserunt

63 2093 123 2140 cort
146 2073 307 2160 praecepi
329 2073 387 2152 ets,
412 2093 514 2162 neque
537 2073 664 2140 brutus
697 2093 773 2139 enm
807 2075 853 2139 cd
875 2093 948 2150 eoe,·
971 2073 1127 2139 ebionem
1150 2072 1285 2139 menda-

62 2201 125 2246 cem
162 2191 192 2248 et
226 2181 465 2248 diuinationem
499 2179 755 2267 francla-lentam
790 2191 820 2246 ct
841 2181 1060 2246 seductionem
1095 2180 1207 2247 cordis
1229 2179 1287 2245 cui

60 2287 268 2374 proplietam.
295 2288 330 2354 Et
354 2289 445 2354 item:
472 2287 546 2354 allon
569 2286 735 2354 ncittebnm
756 2285 935 2373 propbetas
954 2295 983 2353 et
998 2287 1065 2372 ipsi
1086 2286 1285 2364 caerretanu-
1303 2299 1452 2354 nisenam.

66 2415 124 2460 iton
150 2393 310 2484 loquebar
333 2394 380 2460 nd
401 2413 465 2474 eos,
489 2403 518 2460 et
541 2395 607 2480 ipsi
626 2391 876 2480 prophetabunt.
902 2395 938 2461 Et
959 2395 1032 2461 alibi
1057 2411 1186 2460 rursus:
1211 2391 1285 2460 Non

64 2501 139 2568 atrici
161 2521 217 2568 cos
240 2501 306 2586 (ait
331 2501 517 2583 dominns),
544 2511 573 2567 el
597 2501 663 2588 spei
688 2499 887 2588 prophetant
910 2502 946 2567 in
975 2501 1106 2568 contine
1128 2497 1283 2584 ninello)
1303 2512 1452 2568 flectet&

63 2609 275 2686 nieatactter,
300 2617 337 2673 ul
357 2608 502 2693 pereatis
525 2616 593 2674 tam
616 2627 673 2674 noe
695 2627 795 2696 prtum
818 2605 1005 2694 prophetoe.
1029 2607 1115 2693 dpud
1142 2607 1283 2674 Ezechie-
1306 2621 1342 2666 Βι-
1357 2619 1451 2674 teet·

64 2715 120 2780 lem
145 2733 275 2801 quoqne
303 2715 436 2782 similem
460 2715 497 2782 ad
522 2715 648 2782 modum
673 2715 821 2801 legimus:
853 2716 915 2781 Vue
934 2712 1105 2801 prophetia
1128 2714 1284 2798 insipien-

64 2821 161 2900 tibus,
185 2823 456 2910 prosequuntur
489 2822 645 2908 spiritum
681 2843 780 2888 crtum
816 2831 846 2888 et
875 2819 959 2888 nibil
989 2822 1107 2888 cirtenl.
1133 2821 1169 2887 Et
1191 2821 1285 2906 paulo

65 2937 148 3010 trost:
182 2929 296 2995 Vident
319 2947 414 2996 nunc
437 2937 466 2994 et
489 2930 643 2996 divinant
666 2929 887 3006 marcilleium,
912 2929 1069 2996 dieentes:
1094 2929 1151 2994 Ait
1181 2927 1285 2994 dorni-

66 3053 137 3112 uns,
160 3055 238 3100 curn
263 3035 421 3102 dontinus
445 3053 513 3102 nott
535 3035 662 3101 miseret
686 3055 747 3101 eos.
772 3072 814 3084 -
837 3036 916 3102 Num
942 3036 973 3102 in
997 3049 1077 3102 novo
1101 3039 1285 3101 testamento

66 3139 167 3208 itidem
194 3141 321 3228 legistis,
345 3149 377 3208 et
410 3142 553 3210 loannem
583 3141 760 3228 baptistam,
786 3143 861 3227 legis
876 3149 907 3208 et
925 3141 1077 3227 Evangelii
1102 3141 1284 3219 confinium,
1322 3153 1350 3199 to.
1366 3153 1385 3205 t.
1400 3153 1422 3198 ε.

64 3249 167 3314 olleo
189 3255 222 3314 et
245 3247 283 3313 ad
309 3247 339 3314 id
363 3248 504 3315 muneris
527 3249 656 3314 missum
680 3247 786 3327 tuisse,
803 3257 834 3314 et
849 3247 1008 3316 Cbristum
1032 3248 1134 3332 ipsum
1154 3265 1172 3312 a
1197 3255 1285 3330 patre

64 3355 186 3422 cmtesti
212 3353 250 3420 ad
276 3353 305 3420 id
345 3355 486 3422 muneris
519 3356 663 3434 electum,
695 3363 851 3434 vocatum,
879 3355 1056 3422 institutum
1080 3361 1110 3420 et
1135 3354 1283 3418 missum:

66 3461 118 3527 sibi
143 3479 274 3548 qnoque
297 3458 335 3526 ad
360 3460 419 3526 boc
445 3461 549 3546 ipsum
572 3461 712 3547 elegisse,
748 3479 883 3540 vocasse,
907 3461 1077 3528 instituisse
1111 3467 1142 3528 et
1165 3459 1285 3526 misisse

67 3567 223 3651 tpostolos
246 3574 342 3651 atque
373 3567 555 3652 discipulos,
579 3568 646 3654 ipso
673 3567 755 3654 apud
793 3557 934 3635 loannem
969 3575 1151 3634 attestante:
1181 3566 1284 3644 Sicut,
1308 3577 1434 3633 tems·

67 3675 176 3762 inqiut,
200 3692 252 3740 mc
275 3673 365 3739 mint
390 3673 503 3740 civem
523 3683 631 3760 poter,
656 3683 684 3740 et
718 3693 774 3761 epo
810 3676 900 3741 ntitto
925 3695 989 3740 cns.
1014 3675 1128 3758 Quare,
1153 3691 1190 3739 ne
1213 3673 1285 3758 qttis

67 3793 205 3848 restrum
229 3779 268 3846 ad
294 3797 348 3847 eos
384 3780 414 3846 in
447 3780 586 3848 fidelium
617 3782 757 3848 omnium
788 3799 922 3868 persona
951 3780 1068 3848 dictum
1100 3779 1284 3847 calntnniari

66 3898 177 3972 posset,
201 3885 308 3954 audite
331 3887 406 3972 quid
430 3887 511 3973 apud
543 3888 676 3955 eundem
713 3888 936 3974 Evangelistam
960 3887 1059 3954 dicat:
1093 3887 1205 3954 Nonne
1228 3905 1285 3974 epo
1308 3897 1338 3943 ¹0·
1352 3897 1373 3950 ⁶.
1387 3896 1421 3942 ⁷¹·

133 4101 142 4134 ¹
164 4099 327 4168 Saepissime
340 4103 412 4170 apud
425 4101 606 4156 llerborneum
620 4103 732 4156 occurrit
750 4103 832 4157 istud:
855 4103 1061 4170 «Quamlibet»,
1080 4118 1104 4156 e.
1123 4118 1149 4168 g.
1168 4103 1195 4156 in
1213 4102 1285 4158 dion

68 4193 152 4246 tib:
173 4191 321 4262 quemlibet
346 4193 462 4258 ingenio,
488 4191 633 4262 quamlibet
654 4192 800 4246 eruditione
824 4207 855 4246 ac
879 4193 1048 4246 sanctimonio
1073 4193 1175 4258 podest.
1194 4191 1215 4244 0
1234 4187 1286 4245 lb:

67 4281 210 4350 qmmtibet
228 4283 331 4336 iactent
353 4282 417 4336 Sine
436 4281 519 4336 verbo
538 4287 557 4336 Α
578 4283 593 4336 b
613 4283 774 4350 (praeloti0):
793 4283 876 4349 Quem
901 4297 954 4336 non
973 4283 1057 4335 rident
1075 4281 1219 4352 quamlibet
1237 4281 1287 4335 rir-

67 4379 116 4424 tote
135 4371 295 4439 praeditum,
318 4369 465 4440 quemlibet
491 4372 650 4425 orthodoxae
677 4370 738 4425 lidei
766 4373 910 4424 nlttmnnm.
929 4373 937 4424 l
957 4373 988 4424 2:
1015 4369 1161 4441 quamlibet
1178 4369 1286 4436 probos,

66 4457 210 4528 quemlebet
228 4461 365 4514 summitate
384 4460 601 4524 praeeminentes.
621 4461 650 4513 Et
667 4461 693 4512 in
712 4459 829 4516 statnx
849 4459 900 4512 lib:
918 4461 963 4528 qul
983 4459 1109 4528 qtricqnid
1129 4459 1154 4512 in
1174 4457 1286 4514 buerant

67 4551 173 4612 tenerit,
193 4547 342 4619 quemlibet
360 4563 468 4614 anunm,
487 4547 633 4620 qttnmliltel
650 4550 787 4608 insulsum,
804 4551 927 4617 quamvls
946 4549 1111 4604 confictum...
1124 4549 1250 4604 eblttinnt.
