3364 5092
398 308 440 373 96
713 323 910 376 consummo
932 326 1165 375 curnenanrsm
1189 326 1307 374 oaurcr.

395 449 515 535 culpes,
538 449 623 535 qnod
648 449 763 517 mutari
786 469 849 518 nou
873 456 984 536 potest.
1010 449 1176 536 Nunquam
1201 458 1265 517 tam
1289 450 1421 518 feliciter
1448 458 1557 520 actum
1590 437 1674 519 est

395 573 469 623 cum
487 555 631 634 Ecclesia,
647 556 724 642 quin
742 556 824 624 inter
840 575 957 642 paucos
973 557 1072 624 nonos
1089 557 1204 624 multos
1221 556 1387 642 pertulerit
1407 557 1514 624 malos.
1537 558 1652 642 Quod

226 674 376 729 croton
395 662 420 730 si
445 661 600 741 Christus,
623 661 684 750 qni
702 671 875 748 peccatum
898 681 965 729 aon
980 660 1069 747 fecit,
1093 662 1321 730 necinventus
1343 661 1502 730 aridolus
1519 663 1556 728 in
1576 683 1654 729 ore

395 767 478 848 cios,
502 768 533 834 in
557 767 675 854 exiguo
698 769 751 835 illo
777 767 942 836 duodecim
975 769 1194 855 Apostolorum
1226 787 1359 836 numero
1383 769 1490 836 ludam
1521 769 1651 836 lurern

394 880 426 942 et
448 873 640 960 proditorem
665 873 737 942 tulit
760 883 791 942 et
815 875 953 954 Petrum,
977 875 1031 961 qui
1055 893 1128 941 eum
1153 883 1327 961 negaturus
1350 881 1442 954 esset,
1466 883 1498 942 et
1517 892 1649 943 omnes

393 998 413 1047 a
435 980 497 1048 lide
519 980 698 1048 defecturos
721 989 791 1067 post
822 981 921 1066 ipsius
946 981 1138 1067 passionum
1163 981 1297 1067 quodsi
1324 981 1438 1049 Paulus
1465 981 1648 1067 ceterique

395 1087 540 1173 apostoli,
565 1086 722 1172 primitiae
750 1087 891 1173 spiritus,
915 1087 945 1154 in
971 1095 1044 1155 nato
1068 1095 1172 1154 nmen
1196 1087 1300 1155 adhuc
1323 1095 1355 1156 et
1379 1087 1499 1173 pupillo
1524 1087 1645 1154 Eccle-

395 1194 458 1262 siae
482 1211 577 1280 grege
601 1193 888 1278 pseudoapostolos,
912 1193 1006 1260 salsos
1030 1193 1153 1274 iratres,
1175 1191 1294 1262 otiosos
1317 1199 1453 1272 ventres,
1477 1193 1646 1278 imposto-

395 1318 457 1379 res,
481 1299 699 1385 blandiloquus
718 1299 858 1386 aliosque
874 1300 1042 1367 sceleratos
1066 1299 1208 1367 homines
1224 1301 1337 1379 tulere,
1360 1299 1642 1386 quemadmodum

394 1415 426 1473 et
448 1407 479 1472 in
504 1423 614 1472 eorum
633 1405 747 1490 passim
772 1405 871 1491 liquet
894 1407 1044 1492 epistolis,
1061 1407 1137 1493 quin
1155 1424 1212 1473 nos
1230 1405 1334 1492 potius
1349 1407 1406 1491 ipsi
1424 1412 1470 1473 tot
1485 1406 1643 1492 undique

396 1512 479 1579 vitiis
501 1511 629 1579 obnoxii
655 1512 789 1578 aliorum
816 1514 898 1579 mala
922 1513 982 1579 leni
1014 1513 1120 1580 animo
1150 1531 1212 1579 non
1237 1512 1456 1598 perferamust
1484 1511 1641 1580 Proiecto

394 1619 497 1686 honus
521 1635 582 1684 non
606 1627 664 1696 est,
689 1619 743 1704 qui
770 1618 867 1686 malos
890 1638 952 1686 oon
977 1620 1101 1698 tolerat,
1117 1635 1220 1705 neque
1243 1618 1317 1686 Abel
1334 1637 1475 1705 unquam
1495 1619 1641 1686 tuturus

395 1724 530 1811 estqui
555 1724 629 1790 Cain
655 1743 716 1791 ooo
741 1728 885 1793 sustinet.
910 1726 1047 1794 Desinite
1070 1725 1167 1812 igitur
1192 1743 1247 1808 uos
1271 1725 1364 1792 momi
1389 1743 1425 1792 ac
1445 1725 1547 1792 critici
1573 1725 1640 1792 ali-

395 1829 521 1916 quando
544 1847 612 1898 esse
635 1831 773 1916 propriis
804 1831 834 1898 in
861 1831 943 1899 vitiis
967 1831 1078 1917 talpae,
1111 1831 1141 1897 in
1173 1831 1283 1899 alienis
1315 1830 1413 1916 lyncei
1433 1833 1455 1910 ¹,
1485 1837 1518 1898 et
1549 1829 1636 1898 dum

396 1936 549 2004 hactenus
573 1935 603 2002 in
622 1936 787 2004 manticam
812 1954 853 2004 ex
870 1945 997 2022 pectore
1011 1936 1238 2023 dependentem
1262 1937 1335 2022 plus
1358 1935 1434 2004 satis
1449 1937 1636 2021 inspectum

395 2043 446 2123 sit,
470 2043 593 2110 undem
618 2043 649 2110 in
667 2043 833 2110 manticam
858 2062 878 2110 a
901 2051 989 2128 tergo
1013 2061 1196 2128 suspensam
1213 2042 1321 2110 oculos
1341 2047 1577 2121 convertamus,
1596 2048 1637 2108 ut

396 2167 454 2216 sua
476 2148 612 2234 quisque
636 2147 721 2227 vitia,
745 2147 812 2216 sine
835 2149 954 2234 quibus
969 2167 1061 2216 nemo
1084 2148 1226 2217 nascitur
1241 2165 1278 2216 ac
1302 2147 1389 2226 vivit,
1405 2147 1636 2232 intelligentes

396 2260 483 2322 tanto
506 2254 627 2321 facilius
650 2254 782 2320 alienam
807 2255 941 2322 vicissim
967 2254 1209 2322 imbecillitatem
1242 2261 1354 2323 mutuo
1384 2271 1492 2320 amore
1524 2253 1634 2339 perie-

250 2377 325 2423 uou.
341 2377 374 2422 ra.
390 2378 516 2439 ramus,
541 2379 580 2427 ne
596 2368 705 2428 contra
728 2361 844 2450 domini
870 2367 1072 2446 praeceptum
1089 2359 1207 2426 zizania
1230 2378 1301 2426 com
1320 2359 1433 2440 tritico,
1448 2365 1504 2426 aut
1520 2359 1636 2445 potius

291 2482 374 2528 aaa.
398 2466 537 2533 triticum
564 2484 622 2551 pro
653 2466 770 2533 zizania
793 2467 957 2546 evellatur,
990 2483 1068 2533 neve
1097 2473 1208 2533 contra
1230 2465 1315 2532 Pauli
1347 2465 1524 2544 consilium,
1548 2465 1631 2531 dum

396 2571 479 2639 alius
501 2573 597 2638 alium
622 2571 757 2639 vicissim
783 2573 964 2640 mordemus
986 2579 1018 2640 el
1032 2571 1232 2652 devoramus,
1249 2570 1385 2638 vicissim
1402 2571 1483 2638 alius
1505 2571 1632 2638 analio

397 2695 632 2746 consumamur.

486 2785 553 2870 Qua
578 2784 674 2870 igitur
698 2785 811 2864 ironte,
836 2803 891 2852 vos
916 2784 1088 2872 Evangelici
1114 2783 1361 2864 concionatores,
1377 2784 1465 2851 vobis
1488 2783 1566 2851 solis
1583 2794 1632 2848 ar-

397 2909 509 2976 rogare
535 2909 595 2958 non
628 2891 724 2976 pudet
748 2910 854 2959 veram
882 2891 934 2960 ltei
969 2891 1147 2971 Ecclesiam,
1179 2891 1233 2977 qui
1258 2908 1298 2958 ne
1329 2889 1473 2958 membra
1496 2889 1629 2976 quidem

397 2996 466 3064 eius
489 2997 567 3076 sitis,
591 3005 623 3064 at
646 2998 789 3083 palmites
820 2999 936 3079 excisi;
968 2998 1092 3084 longius
1114 3005 1169 3064 aut
1200 2997 1330 3066 brevius
1360 2996 1564 3081 resipiscatis,
1599 2995 1629 3060 in

250 3119 325 3166 narn.
339 3119 374 3164 m
398 3103 500 3189 ignem
525 3102 677 3184 mittendi,
701 3105 726 3172 si
752 3123 813 3172 non
838 3105 889 3174 hic
913 3106 942 3172 in
968 3105 1183 3192 temporalem,
1199 3109 1285 3170 certe
1301 3109 1371 3189 post
1394 3101 1426 3170 in
1449 3109 1630 3179 aeternum,

397 3210 452 3295 qui
478 3219 607 3296 paratus
630 3219 678 3278 est
708 3211 831 3279 diabolo
854 3219 885 3279 et
908 3211 1026 3297 angelis
1049 3211 1128 3290 eim,
1153 3207 1328 3278 cuiusmodi
1360 3227 1416 3276 vos
1438 3209 1523 3276 estis.
1547 3209 1629 3274 Cum

356 3337 370 3358 ·
398 3316 504 3402 itaque
528 3317 791 3402 praedicaveritis,
816 3319 983 3386 Ecclesiam
1009 3324 1148 3385 nostram
1174 3317 1245 3402 plus
1268 3315 1352 3383 mille
1374 3315 1464 3382 aunis
1491 3331 1629 3390 errasse,

398 3423 461 3490 imo
485 3441 647 3508 nunquam
672 3443 733 3491 non
758 3441 891 3505 errasse,
915 3432 952 3492 ut
975 3425 1026 3492 liic
1050 3425 1107 3510 ipsi
1133 3423 1234 3509 palam
1259 3429 1290 3489 et
1313 3419 1384 3504 (60)
1409 3421 1506 3488 libere
1529 3419 1629 3506 proii-

399 3529 518 3610 temini,
542 3547 674 3616 eamque
697 3549 755 3598 nos
779 3549 886 3599 veram
903 3531 957 3598 Dei
982 3531 1149 3598 Ecclesiam
1173 3529 1356 3606 docuimus;
1380 3545 1484 3595 nonne
1500 3527 1553 3594 hic
1577 3543 1629 3592 ar-

399 3635 516 3703 ticulus
539 3636 641 3721 primo
665 3638 732 3704 loco
748 3637 837 3704 vobis
853 3638 934 3706 iuste
951 3637 1102 3716 obiectus,
1119 3642 1228 3722 utpote
1244 3653 1306 3702 non
1323 3633 1502 3702 haereticus
1522 3631 1626 3708 modo,

400 3743 627 3809 verumetiam
652 3742 723 3811 ions'
744 3751 775 3811 et
798 3745 887 3830 origo
912 3744 1089 3811 haeresium
1114 3743 1278 3839 omnium?

489 3848 633 3915 Ceterum
659 3850 797 3937 nequid
821 3851 894 3918 hinc
918 3851 1019 3917 inanis
1040 3849 1189 3935 gloriolae
1212 3846 1296 3932 apud
1326 3846 1467 3912 indoctos
1489 3859 1626 3928 aucupe·

136 3990 142 4002 ·
252 3970 364 4068 agripp
401 3954 487 4034 mini,
511 3973 572 4020 non
597 3962 738 4023 restrum
763 3956 847 4024 istud
864 3964 1077 4024 commentum
1095 3963 1142 4022 est
1165 3953 1204 4020 de
1228 3953 1287 4019 ista
1302 3951 1418 4037 duplici
1444 3948 1580 4016 Ecclesia
1597 3947 1625 4012 in

239 4025 379 4176 ἓξῖῗῗωῖἒῗῖ·
401 4060 602 4145 responsione
627 4070 732 4130 vestra
762 4063 944 4144 adductum,
977 4062 1030 4130 sed
1064 4063 1217 4128 maiorum
1250 4067 1440 4136 vestrorum,
1476 4055 1580 4142 primo
1608 4069 1625 4117 a

265 4135 377 4176 ⁰⁸¹⁸'n'
402 4166 582 4232 Donatianis
605 4169 829 4255 excogitatum,
853 4169 964 4237 deinde
987 4188 1006 4235 a
1028 4167 1244 4244 Valdensiltus,
1263 4165 1425 4233 Viclevicis
1447 4171 1479 4231 et
1502 4161 1623 4230 llussia-

476 4415 483 4450 ¹
501 4417 573 4472 Mon.
593 4417 612 4470 C
631 4397 662 4470 s:
682 4419 768 4471 Gallus
787 4421 827 4472 vel
841 4434 871 4472 ex
891 4418 1036 4472 verborum
1056 4417 1145 4484 phrasi
1164 4417 1265 4470 discere
1290 4416 1426 4482 potuisset,
1451 4413 1472 4466 si
1496 4419 1550 4465 um
1570 4409 1622 4478 lytr-

401 4517 460 4560 cecs
479 4505 513 4560 ad
532 4507 687 4560 scrutandas
700 4507 852 4574 scripturas,
865 4521 945 4575 quam
959 4507 993 4561 ad
1007 4507 1142 4560 mendacia
1156 4505 1335 4560 coacervanda
1354 4502 1516 4558 adhibuisset
1530 4499 1622 4554 oculos.
