3378 5082
344 329 349 340 ·
370 293 409 358 lit
871 311 1086 363 ruraooucrro.

366 435 412 509 gis
434 449 496 512 quo
517 439 646 506 constat,
668 432 876 496 Herboroeum
900 452 958 496 non
990 434 1084 496 semel
1114 443 1177 497 turn
1209 451 1284 498 voce
1306 443 1369 498 tum
1398 437 1523 515 scriptis
1543 437 1594 497 de·

365 539 500 601 elarasse
527 539 705 603 «tollendos
725 557 793 603 esse
815 557 832 602 e
854 542 954 603 mettio
976 544 1124 603 sectarios
1138 567 1166 613 ι,
1189 543 1432 622 curandumque,
1458 551 1490 604 ιιι
1517 561 1594 606 uca-

365 645 438 708 dant
459 663 514 709 seu
537 663 618 722 cnse,
638 663 693 710 seu
714 647 784 729 iprae
804 663 857 710 sen
881 649 979 728 aquis,
1001 649 1053 728 utri
1076 649 1220 712 diamant
1235 667 1272 712 ac
1295 649 1494 712 interturbant
1516 657 1593 712 tran-

365 751 546 833 quillitatem
569 753 754 816 christianae
776 753 966 833 reipublicae
983 755 1002 815 ¹.
1677 813 1678 860 ,

447 863 474 920 ὅ.
496 859 582 922 Unde
603 861 678 922 satis
709 859 883 940 explicatur
914 871 1095 940 exaggerata
1127 863 1192 924 sine
1223 863 1318 924 dubio
1348 865 1591 926 lutheranorum

366 964 575 1045 exprobratio,
596 966 679 1047 qnod
702 975 733 1029 ut
758 974 908 1046 pergiratur
935 976 988 1032 aut
1019 970 1104 1047 gigas
1136 983 1263 1046 uraguus
1293 978 1321 1031 et
1345 970 1414 1048 pins
1444 970 1594 1046 gloriatus
1677 997 1678 1070 p

366 1071 456 1134 luerit
478 1072 516 1134 dc
538 1072 708 1136 combustis
728 1079 781 1136 aut
802 1090 881 1153 aqna
915 1074 1079 1152 trigelaotis
1110 1074 1273 1138 haereticis
1300 1077 1328 1136 iu
1360 1073 1520 1138 Gernrania
1545 1093 1594 1140 ro-

365 1179 517 1258 tucritque
541 1179 619 1242 idem
643 1195 733 1256 agere
756 1181 784 1240 in
808 1179 912 1242 Dauia.
935 1180 973 1242 Ut
999 1180 1136 1242 «doctor
1157 1180 1195 1242 de
1214 1178 1343 1253 Bomio,
1364 1182 1437 1263 qnid
1460 1183 1540 1254 dico,
1555 1184 1593 1244 de

365 1284 556 1376 Eomberip·
585 1303 657 1348 nero
679 1286 894 1366 perstringitur
916 1287 1057 1350 laudatus
1079 1287 1228 1358 ldinorita,
1257 1290 1329 1368 unia
1358 1290 1592 1367 protestantium

365 1391 480 1455 iudicio
501 1400 531 1454 ct
552 1392 744 1454 cavillatione
760 1393 921 1456 dicebatur
935 1394 1093 1470 insiguiter
1109 1396 1207 1457 vietus
1223 1396 1315 1457 luisse
1337 1395 1366 1456 iu
1385 1395 1593 1474 disputatione

365 1515 435 1560 cum
457 1499 622 1560 Franciseo
645 1499 817 1572 boniberto,
848 1505 986 1578 apostata
1019 1501 1169 1572 blinorita
1201 1500 1274 1562 dum
1307 1501 1390 1564 iussu
1419 1501 1592 1580 Landgratli

365 1605 497 1688 Philippi
520 1604 629 1667 diebus
650 1606 698 1668 at.
721 1613 750 1666 ot
772 1607 820 1668 Ἠ.
841 1605 981 1668 Octobris
1004 1608 1082 1668 taso
1104 1605 1292 1686 llombcrpoe
1315 1607 1343 1668 iu
1366 1607 1470 1670 Hassia
1505 1625 1594 1688 syno-

364 1709 423 1772 dus
444 1709 595 1790 quaedam
618 1711 783 1774 haberetur
798 1711 819 1772 ¹.
842 1711 927 1774 Uorlc
950 1713 1059 1775 mirum
1083 1729 1141 1774 uon
1157 1721 1211 1785 est,
1226 1713 1458 1776 concionatores
1477 1715 1593 1777 barrae

365 1815 556 1878 Lutherauos
579 1817 700 1879 nomine
723 1817 912 1894 llonrbergaa
943 1826 1100 1880 contracto
1132 1826 1162 1880 et
1189 1825 1334 1899 oorrnpto
1368 1821 1466 1898 ipsum
1501 1838 1591 1883 suum

365 1922 576 1985 aduersarium
598 1939 725 1986 exosum
749 1941 804 2003 per
826 1923 993 1987 ludibrium
1015 1924 1187 2004 appellasse
1215 1925 1395 1987 ·doctorem
1410 1925 1447 1987 dc
1462 1926 1593 1998 Bombo,

364 2020 447 2109 quid
461 2030 541 2102 dico,
562 2027 599 2092 de
620 2027 783 2110 Bombcre'p
798 2055 825 2089 ι.

444 2134 530 2208 ernd
553 2144 654 2198 autem
677 2137 734 2199 ista
757 2135 991 2214 Homhergensis
1005 2138 1172 2217 disputatio
1194 2145 1267 2201 tunc
1284 2139 1429 2218 temporis
1444 2138 1472 2199 iu
1498 2140 1593 2202 itania

365 2242 485 2318 cognita
509 2242 608 2315 luerit,
630 2250 692 2304 tum
716 2259 753 2305 ex
777 2242 863 2305 libris
883 2242 1046 2306 Francisci
1064 2243 1222 2307 Lamberti
1241 2253 1271 2306 et
1292 2261 1330 2307 ex
1358 2242 1491 2308 Monada
1521 2245 1594 2307 Her·

366 2346 481 2421 homei,
503 2364 582 2427 quae
605 2349 633 2410 iu
657 2348 852 2412 bibliothecis
874 2349 1088 2412 Halnieusibus
1110 2350 1314 2423 inveniuntur,
1338 2357 1400 2412 ιιιιιι
1423 2367 1460 2414 ex
1489 2351 1595 2414 blarru·

364 2454 481 2534 scripto
503 2454 723 2535 contemporali
748 2455 830 2518 Parrli
853 2455 967 2528 ileliae,
988 2455 1168 2518 Carmelitae
1188 2457 1271 2532 bani,
1292 2456 1454 2533 colligitur,
1476 2457 1506 2518 in
1529 2474 1594 2537 qno

436 2803 444 2834 ¹
465 2803 563 2858 Citatur
581 2819 596 2857 a
616 2806 637 2858 t.
659 2804 779 2868 tonaeeu,
799 2803 954 2858 Gesohiohte
972 2803 1020 2856 des
1038 2803 1065 2856 d.
1079 2803 1186 2857 Volkes.
1204 2802 1245 2856 tt.
1258 2805 1325 2856 dull.
1345 2805 1381 2856 ut.
1402 2817 1427 2869 p.
1447 2803 1490 2856 til.
1511 2832 1545 2841 —
1566 2806 1595 2858 ln

363 2891 564 2948 disertioribus
583 2893 634 2945 326
654 2893 760 2958 scardus
779 2892 873 2946 eodem
894 2893 974 2945 modo
987 2893 1102 2960 loquitur
1120 2891 1296 2957 llerbornens,
1309 2892 1371 2945 item
1385 2892 1411 2944 iu
1425 2890 1594 2958 sachitob,

364 2979 671 3047 abrenuntiantem
692 2983 810 3046 proiesso
838 2979 972 3044 describit,
1000 2980 1087 3048 «quid
1106 2981 1239 3046 principes
1263 2994 1294 3033 ao
1320 2980 1487 3046 magistratus
1511 2982 1595 3036 mooli

363 3083 443 3134 agero
462 3068 577 3122 debeant
593 3055 711 3136 tempore
730 3068 913 3122 schismatis».
927 3097 961 3106 -
974 3067 1011 3122 Ct.
1026 3067 1132 3137 Coepit.
1147 3067 1258 3135 ρ..(59);
1274 3088 1288 3116 ι
1298 3068 1414 3134 Longius
1426 3075 1472 3122 aut
1484 3067 1596 3124 breuius

364 3157 530 3224 resipiscatis,
543 3155 571 3210 rit
584 3155 673 3226 iguem
685 3155 815 3222 mittendi,
829 3157 850 3208 si
864 3171 916 3210 nou
931 3156 973 3209 hic
986 3156 1010 3210 iu
1023 3154 1208 3225 temporalem,
1222 3161 1292 3210 certe
1306 3163 1365 3222 post
1378 3157 1403 3208 in
1417 3163 1555 3210 aeteruum
1568 3177 1596 3210 ι.

435 3243 447 3275 ⁸
466 3247 523 3311 lpse
542 3245 710 3300 lierborneus
724 3245 787 3299 dlclt
799 3247 859 3300 des.
874 3246 939 3296 l88:
958 3246 1012 3297 Nou
1026 3258 1132 3310 semper
1146 3244 1258 3298 rubum
1272 3245 1372 3298 domini
1384 3243 1500 3297 confiteri
1515 3259 1596 3311 opor·

366 3339 400 3386 tet
418 3347 509 3388 ceram
529 3333 560 3386 ils
579 3333 624 3401 qni
643 3334 758 3398 exigunt,
778 3333 851 3402 qnod
871 3333 1028 3399 margaritae
1041 3347 1094 3387 nou
1113 3339 1173 3386 sunt
1191 3333 1279 3398 porcis
1291 3331 1492 3398 obspergeudac
1504 3347 1595 3401 neque

364 3428 483 3476 sanctum
502 3421 620 3475 dandum
640 3427 680 3475 est
697 3421 816 3487 canibus,
840 3421 1059 3488 quandoquidem
1085 3419 1203 3474 Christus
1227 3433 1316 3474 coram
1337 3420 1441 3474 llerode
1468 3428 1494 3473 et
1512 3422 1595 3476 Pilato

364 3511 440 3578 quast
459 3524 544 3577 agnus
563 3523 652 3563 coram
673 3511 798 3564 tondente
816 3525 845 3563 ae
858 3509 998 3563 obmutuit.
1017 3510 1159 3563 Excedam
1179 3523 1257 3562 cansa
1271 3509 1371 3564 Frater
1385 3507 1516 3564 Nicotaus
1529 3510 1595 3564 Her·

364 3597 441 3654 born.
462 3597 639 3655 Guordicuna
658 3598 866 3668 Murpurpcurie
885 3611 979 3654 corum
993 3597 1155 3654 Eutherauis
1169 3596 1301 3653 obmutuit
1315 3595 1550 3666 duringiae·
1565 3601 1596 3652 Et

364 3690 424 3743 Aee.
444 3689 509 3742 ato:
529 3689 575 3740 Eat
593 3701 664 3741 nuuc
682 3687 835 3741 Frauclscus
854 3687 985 3762 humberti
1006 3701 1102 3756 meque
1122 3687 1247 3753 glorietur
1265 3687 1374 3750 vietum,
1387 3687 1537 3750 contusum,
1550 3687 1596 3740 de·
1677 3725 1678 3742 ι

364 3776 445 3843 nique
465 3775 642 3840 llombergiac
660 3775 838 3842 obmutuisse;
857 3783 899 3830 cot
923 3781 948 3829 et
967 3777 992 3828 in
1017 3777 1072 3830 suis
1100 3775 1290 3828 conventiculis
1315 3789 1357 3827 me
1384 3767 1595 3838 anathematizet,
1677 3827 1678 3832 ,

364 3864 582 3930 excommunicet,
601 3878 683 3932 sequa
701 3865 838 3928 victorem,
857 3879 900 3918 mc
920 3865 1018 3917 rictum
1038 3865 1186 3918 adolamitet
1193 3883 1200 3927 ι
1213 3861 1426 3932 depromuntur
1437 3865 1464 3917 et
1481 3861 1522 3916 itti
1540 3864 1595 3918 ιιι-

365 3949 473 4006 literani
490 3965 582 4006 omues
601 3963 663 4006 cum
683 3951 769 4007 literis
786 3955 845 4006 tum
865 3951 942 4006 libris
961 3951 1046 4018 edilia,
1066 3955 1124 4006 tum
1142 3950 1250 4006 cocibrra
1269 3949 1414 4016 steutcrttr,
1434 3963 1531 4018 meque
1550 3951 1595 4004 da-

364 4045 464 4104 mnent,
482 4042 507 4094 et
524 4037 635 4094 sibilent
661 4041 818 4108 caulemque
847 4041 948 4108 toeiout,
978 4041 1058 4094 modo
1086 4055 1127 4094 me
1155 4039 1273 4093 Christus
1292 4039 1357 4092 inter
1376 4053 1439 4092 suos
1457 4047 1594 4104 agnoscat,

365 4127 445 4182 modo
464 4127 611 4181 christianis
629 4129 757 4194 placeam,
776 4129 831 4196 qui,
850 4142 937 4194 spero,
957 4143 1007 4182 ιιιιιι
1027 4141 1131 4180 mecum
1151 4127 1293 4181 detenderit
1317 4141 1368 4180 nou
1397 4141 1470 4180 oreas
1497 4129 1594 4192 solum,

319 4269 322 4275 .
365 4217 412 4270 sed
431 4215 526 4271 Christi
545 4217 729 4284 Ecclesiaeqoc
747 4230 810 4270 suae
828 4217 994 4280 assertiones,
1012 4231 1079 4286 quos
1097 4230 1148 4282 ego
1167 4216 1201 4270 ita
1220 4231 1317 4282 assero,
1338 4219 1366 4268 ut
1387 4215 1471 4268 utillos
1489 4223 1594 4282 praeter

365 4319 420 4370 eos,
438 4306 484 4373 qui
503 4307 530 4358 in
550 4319 601 4358 una
621 4304 731 4358 Ecclesia
751 4304 877 4358 catholica
890 4313 959 4368 sunt,
979 4319 1102 4359 censores
1113 4305 1267 4372 iudicesque
1286 4304 1424 4357 admittere
1442 4305 1532 4357 velim.
1547 4305 1594 4358 So·

1677 1759 1678 1800 t

1677 1805 1678 1858 l

1677 1869 1678 1940 l

1677 1943 1678 1984 t

1677 1989 1678 2032 ι

1677 2151 1678 2184 l

365 2560 511 2623 imitando
525 2560 643 2623 initium
660 2561 814 2638 Evangelii
831 2561 998 2624 secuudum
1015 2562 1209 2636 blatthaeum,
1236 2563 1430 2639 «zwinglius
1445 2571 1547 2625 autem
1565 2589 1595 2639 ι,

1677 3247 1678 3296 ι

1677 3531 1678 3578 ι

365 4395 415 4448 lius
433 4395 503 4448 euim
523 4395 652 4458 Ecclesiae
671 4393 813 4448 catholicae
836 4393 962 4447 iudicium
982 4393 1072 4448 subire
1098 4394 1167 4457 uolo,
1192 4393 1269 4446 culus
1290 4399 1317 4446 et
1340 4393 1407 4445 tillus
1425 4399 1451 4446 et
1469 4394 1593 4448 alumnus

365 4497 424 4538 csse
442 4483 511 4552 volo,
532 4485 613 4538 modo
632 4481 697 4537 mitri
716 4481 809 4538 Christi
828 4481 897 4536 adsit
916 4482 1007 4548 gratia.
