3390 5096
389 229 451 294 160
701 246 897 297 coururnrru
920 248 1153 296 uunuuntmsur
1176 247 1293 295 ututur.

475 373 534 438 Pro
556 368 696 440 abuma
720 389 796 439 vero
818 368 964 440 unctione
986 371 1129 457 legimus,
1161 371 1245 458 quon
1281 371 1415 457 Apostoli
1452 371 1614 458 ungebant

242 491 342 538 neem
382 479 451 546 oleo
475 477 591 546 multos
614 495 735 564 aegros,
759 485 790 545 et
814 478 1050 556 sanabantur¹;
1075 485 1107 544 at
1129 479 1318 562 explicatius
1341 479 1401 545 bac
1424 478 1463 545 de
1487 497 1521 546 re
1538 479 1613 544 bee-
1662 479 1663 520 ³

211 545 357 748 15:3⁵⁰
305 597 357 695 εξ
382 593 436 653 tus
459 585 589 652 lacobus
613 583 765 671 praecipit
786 585 911 652 dicens:
935 583 1138 669 lufirmatur
1161 586 1237 673 quis
1271 604 1311 651 ee
1335 584 1448 664 uobi,·s
1472 585 1613 651 iodrroot
1662 595 1663 600 ’

274 684 307 750 ti.
378 689 590 810 presbyteros
615 691 792 768 Ecclesiae,
814 699 845 758 et
867 697 961 758 orent
981 709 1083 778 super
1106 710 1180 757 eum
1205 699 1360 776 ungentes
1383 710 1460 758 eum
1484 689 1591 758 oleo
1577 711 1613 756 ut

379 797 511 864 nomine
534 797 682 876 dominu·
705 806 735 863 et
758 797 867 864 oratio
889 795 968 882 fidei
1000 795 1144 864 salvabit
1178 796 1365 882 infirffmum
1389 807 1419 865 et
1442 796 1613 864 alleviabit

378 921 454 970 eum
477 903 647 982 dominus,
671 911 699 970 et
721 903 754 969 si
776 903 813 970 iu
833 902 977 988 peccatis
992 904 1047 983 sit,
1063 903 1274 971 remittentur
1289 905 1328 972 ei.
1345 903 1505 972 luditisne
1520 901 1611 986 (126)

377 1015 409 1077 et
433 1009 484 1077 bic
506 1009 591 1076 aliud
616 1009 771 1095 Evangelii
796 1009 918 1076 visibile
941 1009 1077 1095 signum,
1102 1009 1244 1077 videlicet
1267 1010 1298 1076 in
1319 1011 1379 1077 olei
1397 1010 1557 1087 unctione,
1573 1027 1610 1075 ac

377 1116 556 1184 effectivum
580 1115 710 1200 gratiae,
734 1115 879 1183 uidelicet
902 1116 932 1182 in
958 1116 1142 1184 remissione
1158 1122 1368 1201 peccatorum.
1386 1117 1422 1182 m
1439 1115 1610 1183 uerisimile

376 1241 438 1290 uon
462 1228 520 1301 est,
545 1223 706 1308 Apostolos
729 1223 790 1290 tale
814 1223 938 1308 signum
975 1240 1147 1308 usurpasse
1179 1227 1303 1308 praeter
1338 1223 1454 1290 Christi
1479 1239 1608 1308 praece-

376 1329 477 1414 ptoris
500 1335 531 1395 et
555 1327 734 1394 institutum
759 1333 791 1395 et
812 1328 1006 1413 exemplum.
1031 1328 1229 1413 Quapropter
1265 1335 1297 1395 et
1330 1331 1476 1396 extrema
1499 1327 1608 1394 unctio

378 1433 597 1521 Evangelicum
622 1441 852 1502 sacramentum
877 1434 986 1502 baberi
1011 1433 1113 1502 debet.

466 1541 525 1608 Pro
548 1557 635 1609 sacro
658 1547 764 1608 autem
788 1537 897 1608 ordine
920 1540 1005 1625 apud
1028 1540 1154 1608 beatum
1179 1541 1310 1609 l’anlum
1337 1541 1513 1608 clarissima
1529 1540 1607 1607 sub-

211 1661 351 1707 ortam.
376 1646 447 1714 inde
471 1646 648 1714 testimonia
672 1646 815 1732 legimus,
839 1646 871 1712 in
902 1645 940 1712 iis
972 1646 1157 1731 praesertim
1182 1646 1331 1732 epistulis,
1355 1663 1435 1731 quas
1458 1645 1496 1712 ad
1521 1645 1607 1712 ordi-

375 1761 483 1821 natum
507 1770 526 1820 a
548 1770 583 1820 so
607 1752 793 1838 Episcopum
816 1753 1014 1819 Timotheum
1039 1753 1211 1820 scribens
1204 1771 1234 1819 in
1258 1753 1304 1820 eis
1326 1752 1484 1839 quoslibet
1502 1753 1606 1820 Eccle-

217 1871 238 1918 ι.
253 1871 344 1971 uus
374 1860 437 1930 siae
461 1859 622 1927 ministros
644 1859 782 1926 instruit
807 1859 913 1924 Nam
907 1877 937 1924 m
962 1858 1067 1944 priore
1101 1858 1228 1944 quidem
1252 1859 1313 1926 ait:
1338 1856 1415 1925 Noli
1441 1858 1606 1944 negligere

371 1966 535 2056 pretium,
559 1984 645 2054 qliae
667 1965 704 2032 iit
727 1973 756 2031 te
778 1973 835 2044 est,
859 1984 945 2052 quoe
966 1966 1049 2031 cloto
1072 1973 1118 2030 est
1141 1963 1201 2032 tibi
1221 1984 1282 2051 per
1299 1962 1511 2052 prophetiam
1526 1985 1604 2031 cttrn

372 2071 579 2159 impositione
593 2091 759 2137 munuum
773 2070 982 2159 presbyterii,
999 2078 1031 2138 et
1046 2071 1104 2154 (uti
1123 2071 1314 2139 luculentius
1329 2071 1424 2138 vertit
1442 2069 1604 2152 Erasmus)

200 2192 349 2248 tun-tt·
370 2177 557 2246 auctoritate
580 2176 756 2244 sacerdotii.
781 2175 813 2244 ln
837 2177 1011 2261 posteriore
1034 2183 1158 2244 autem:
1178 2177 1318 2264 Propter
1335 2195 1437 2265 quum
1458 2195 1602 2242 courum

371 2284 500 2371 (inquit)
524 2283 683 2350 admoneo
707 2291 746 2361 te,
770 2289 808 2350 ut
841 2283 1015 2350 resuscites
1047 2283 1200 2370 gratiam
1236 2283 1305 2363 Dei,
1329 2303 1415 2371 quae
1442 2291 1489 2349 est
1513 2284 1549 2350 io
1574 2291 1602 2350 te

367 2409 429 2478 per
453 2390 695 2477 impositionem
717 2409 884 2456 munuum
907 2409 1073 2457 meorum.

459 2497 540 2563 Num
564 2495 616 2562 hio
639 2513 767 2581 quoqne
783 2494 898 2562 auditis
913 2495 997 2562 aliud
1016 2497 1216 2582 Evangelieae
1232 2496 1308 2582 legis
1324 2495 1446 2563 visibile
1461 2495 1599 2581 siguum,

369 2620 481 2687 nempe
506 2601 732 2687 impositionem
760 2619 922 2680 manuum,
946 2608 977 2668 et
1002 2603 1105 2687 ipsum
1129 2620 1257 2688 quoque
1272 2601 1391 2688 gratiae
1407 2600 1601 2680 collativum,

368 2708 465 2793 idque
485 2707 672 2775 nominatior
709 2707 896 2774 auctoritate
931 2708 1118 2792 presbyterii
1154 2709 1220 2776 sive
1243 2708 1419 2776 sacerdotii.
1444 2707 1503 2774 Sed
1527 2708 1601 2793 quis

369 2815 487 2894 credat,
510 2814 671 2899 Apostolos
695 2812 874 2880 huiusmodi
904 2813 993 2898 signo
1023 2815 1142 2899 gratiae
1166 2821 1273 2900 (quam
1306 2813 1393 2882 solus
1420 2813 1475 2881 dat
1497 2813 1601 2880 dorni-

369 2921 442 3004 nns)
467 2920 512 2988 uti
537 2919 687 3005 potuisse,
712 2920 770 2987 nisi
794 2937 836 2986 ex
860 2920 1004 2986 instituto
1027 2927 1122 3006 atque
1146 2929 1312 3006 praecepto
1335 2920 1454 2987 domini
1480 2937 1517 2988 ac
1535 2939 1601 2988 ma-

367 3026 456 3112 gistri
482 3027 579 3094 nostri
605 3027 673 3094 lesu
696 3026 837 3093 Christit
860 3027 922 3092 lloc
944 3033 1050 3094 autem
1074 3027 1198 3112 signum
1222 3027 1262 3094 ab
1286 3026 1422 3094 Ecclesia
1445 3027 1500 3094 Dei
1525 3025 1600 3096 ordo

366 3133 533 3200 vocitatur.
559 3133 610 3199 Est
635 3133 731 3218 igitur
754 3140 786 3199 et
808 3131 887 3198 ordo
916 3139 1148 3199 sacramentum
1179 3132 1396 3218 Evangelicnm
1428 3133 1599 3201 aChristo

366 3237 556 3306 institutum.
583 3239 698 3306 Verum
733 3237 772 3304 de
807 3238 916 3304 ordine
951 3256 1066 3306 rursus
1099 3247 1217 3324 postea,
1241 3257 1312 3306 cnm
1348 3239 1387 3307 de
1421 3239 1599 3306 sacerdotio

366 3353 478 3430 agetur
495 3345 517 3411 ¹.

456 3451 596 3537 [lenique
620 3468 678 3536 pro
700 3447 901 3518 matrimonio
925 3451 1057 3536 legimus
1080 3450 1163 3536 apud
1187 3450 1320 3519 eundem
1345 3451 1527 3536 Apostolum
1546 3456 1598 3534 (nt

220 3571 329 3620 nautio
365 3557 479 3624 ceteris
508 3556 747 3624 obscurioribus
782 3557 1011 3642 praetermissis
1047 3575 1145 3624 unum
1182 3557 1284 3624 locum
1320 3557 1472 3624 adducam
1503 3559 1597 3644 longe

206 3626 308 3777 Euffm'
255 3680 370 3780 ''⁵ss
364 3663 664 3738 luculentissimum)
687 3662 725 3728 ad
752 3662 930 3747 Ephesios
924 3682 954 3728 m
981 3663 1056 3729 baec
1081 3663 1178 3729 verba
1201 3663 1409 3730 scribentem:
1427 3663 1595 3744 Muli‚eres

262 3763 268 3778 '
311 3765 316 3778 '
363 3769 475 3855 inquit,
499 3768 584 3835 oti-ts
607 3769 680 3834 .isos
702 3767 855 3834 subditae
877 3768 944 3834 siet
974 3769 1061 3834 sicut
1092 3769 1236 3848 domiue,
1268 3769 1429 3857 quonium
1465 3769 1519 3836 uir
1547 3781 1597 3838 est

432 4068 441 4099 ¹
463 4069 546 4124 Eucti.
565 4071 586 4121 G
607 4068 658 4123 tlb:
676 4069 759 4122 Huius
779 4069 965 4122 institutionem
985 4085 999 4122 a
1020 4069 1122 4123 Christo
1137 4073 1229 4123 tecum
1243 4084 1273 4122 ex
1287 4085 1318 4124 eo
1332 4071 1420 4138 liquet,
1434 4073 1509 4140 quod
1522 4075 1595 4141 Apo-

361 4159 418 4212 stoli
437 4172 468 4211 eo
488 4159 528 4212 usi
547 4163 626 4211 stant:
643 4156 782 4226 uirpeboot
802 4158 897 4224 (inquit
916 4159 1017 4211 Marciis
1036 4161 1061 4221 e,
1084 4159 1127 4224 13)
1146 4158 1247 4214 maritos
1265 4159 1323 4214 oleo
1347 4163 1372 4215 el
1395 4160 1541 4218 sonabunt.
1564 4167 1592 4218 ld

360 4261 414 4300 non
432 4253 609 4311 attentassent,
627 4247 855 4314 qiremudmodnm
875 4253 900 4301 et
919 4248 1013 4301 Paulus
1032 4247 1103 4300 aliucl
1122 4249 1185 4300 nillil
1205 4248 1268 4302 dicit
1286 4264 1315 4302 se
1329 4251 1523 4317 lecissetliom.
1541 4254 1593 4321 15),

360 4336 433 4402 quod
452 4351 505 4390 non
524 4351 570 4401 per
590 4338 677 4401 ipsum
697 4335 815 4389 Christus
833 4337 956 4390 ellecerit.

431 4422 441 4454 ²
461 4440 486 4490 p.
507 4425 570 4492 (137
590 4439 629 4492 sq.
653 4425 701 4477 lit
720 4425 771 4493 sq.)
