3384 5082
535 289 663 337 rnnrrus
685 288 890 338 cuuoacssus.
1256 267 1321 336 ata

190 414 350 500 Principio
373 431 553 500 quanquam
577 415 692 493 nescio,
715 413 799 499 quod
824 413 893 493 riri,
909 431 989 499 quos
1012 413 1063 480 laic
1086 412 1231 492 narratis,
1248 412 1323 478 milri

91 520 232 606 quidem
257 520 370 606 cogniti
395 539 455 587 non
480 527 565 599 sunt,
584 538 648 605 qua
663 527 765 588 umen
784 521 863 587 ritae
879 519 1081 587 sanctimonia
1094 521 1128 586 ¹et
1150 517 1325 602 eruditione

97 627 237 712 praediti
261 643 330 694 esse
354 627 483 712 possint,
507 632 573 693 tum
590 645 632 694 ex
656 626 891 694 commendante
907 626 1138 693 naereticorum
1163 624 1249 712 regni
1266 625 1325 690 lia-

96 732 159 800 nici
185 733 402 818 antesignano,
419 739 485 800 tum
502 719 543 800 err
559 732 741 819 vibergensi
757 733 887 800 Satanae
910 749 1075 818 synagoga,
1095 731 1146 798 eni
1170 748 1326 799 commen-

95 839 161 906 dati
188 847 278 918 sunt,
295 839 383 906 facile
407 839 479 906 lieet
501 839 683 925 intelligere,
706 839 856 906 nimirum
882 837 998 906 similes
1021 843 1071 920 (ut
1092 839 1193 921 aitrnt)
1212 838 1326 906 habere

97 946 191 1012 labra
218 947 357 1012 lactucas
374 949 396 1026 ¹,
420 946 520 1013 idest
556 945 696 1032 undique
720 946 893 1014 haereticos
926 963 1035 1013 omnes
1057 952 1088 1011 et
1115 945 1155 1012 alt
1185 963 1249 1012 uua
1272 945 1326 1012 Dei

97 1053 240 1120 viventis
264 1051 397 1120 Ecclesia
418 1069 476 1119 ceu
500 1051 626 1138 putrida
647 1052 788 1119 membra
803 1052 970 1138 praecisos,
993 1058 1085 1118 extra
1106 1069 1200 1138 quarn
1225 1068 1327 1137 neque

100 1177 179 1226 rera
205 1157 411 1225 sanctimonia
434 1176 491 1226 neo
514 1159 660 1226 salutaris
683 1159 817 1226 eruditio
840 1177 907 1226 esse
931 1165 1042 1244 potest,
1065 1156 1327 1244 quemadmodum

97 1263 196 1348 (216)
222 1274 254 1332 et
288 1265 480 1350 inutraque
514 1283 682 1351 congressu
708 1265 812 1350 priore
845 1272 877 1331 et
900 1264 960 1332 stab
990 1266 1092 1350 primo
1115 1265 1211 1332 huius
1244 1263 1329 1331 tertii

99 1389 297 1458 congressus
332 1371 495 1438 articulo⁸
519 1371 564 1455 (ni
587 1371 690 1454 fallor)
713 1371 836 1457 copiose
867 1371 942 1438 satis
964 1361 1108 1438 edoctum
1139 1379 1195 1439 est.
1220 1369 1329 1437 audivi

100 1485 212 1546 tamen
239 1478 350 1545 bellam
377 1478 481 1546 lrerole
504 1478 594 1545 istius
618 1478 794 1563 praeclarae
818 1477 1094 1545 commendationis
1113 1495 1248 1545 causam.
1274 1478 1329 1544 lle

101 1584 206 1650 latum
232 1591 279 1652 est
295 1601 431 1669 namque
453 1584 529 1650 milri
547 1602 565 1650 a
589 1585 664 1650 viris
680 1583 740 1652 fide
755 1583 866 1669 dignis,
883 1584 1066 1669 magistrum
1090 1585 1232 1651 loannem
1249 1601 1330 1651 uxo

103 1693 150 1758 ris
176 1691 247 1758 loco
270 1707 410 1757 sororem
435 1691 539 1757 nescio
562 1691 681 1758 cuius³
712 1691 743 1758 iu
767 1698 905 1757 scortum
930 1689 1056 1770 habere,
1079 1697 1174 1776 atque
1197 1690 1229 1756 in
1260 1707 1331 1776 gra-

103 1799 182 1864 tiam
207 1797 278 1864 eius
300 1804 458 1876 conatum,
475 1796 740 1864 commendatione
755 1815 813 1864 sua
828 1797 955 1864 tratrem
980 1795 1093 1863 laicum
1110 1796 1147 1862 ad
1168 1795 1331 1863 sacerdotii

105 1905 264 1971 honorem
288 1921 482 1989 promovere.
500 1904 630 1990 liignam
646 1904 763 1971 scilicet
787 1903 959 1990 Evangelioi
976 1903 1138 1970 sacerdotii
1161 1903 1331 1970 rationem!

105 2013 151 2078 ‚tn
179 2029 241 2077 non
260 2008 357 2094 pudet
381 2027 436 2076 ros
459 2008 710 2095 (deploratissimi
735 2010 929 2092 mortalium)
954 2009 1006 2076 liei
1031 2010 1234 2076 sacramentis
1256 2008 1333 2076 adeo

106 2116 290 2183 scurriliter
314 2115 470 2182 illuderet

203 2221 321 2289 Deinde
344 2229 380 2288 ut
403 2221 466 2288 sint
487 2230 518 2288 et
541 2222 709 2289 doctissimi
732 2231 763 2289 et
787 2222 983 2300 sanctissimi,
1009 2229 1110 2288 tamen
1135 2221 1172 2288 ad
1198 2221 1333 2308 Evange-

111 2329 162 2397 lici
187 2328 353 2396 sacerdotii
371 2328 560 2396 functionem
578 2328 785 2396 exercendam
803 2330 900 2397 solius
915 2329 1124 2396 multitudiuis
1147 2346 1334 2396 consensum

108 2445 141 2502 et
167 2443 277 2503 votum
295 2451 368 2501 curn
385 2435 579 2520 impositione
595 2453 744 2502 manuum
761 2444 792 2503 et
814 2435 954 2502 oratione
968 2433 1007 2501 ad
1024 2436 1124 2502 Deum
1141 2435 1220 2502 lacta
1236 2433 1335 2502 haird-

108 2559 274 2628 quaqnam
298 2541 453 2620 sufficere,
477 2541 601 2609 lectoris
628 2541 739 2628 integri
771 2542 885 2609 iudicio
908 2561 948 2608 ex
974 2543 1163 2628 Evangelicis
1186 2541 1335 2627 apostoli·

110 2649 223 2734 cisque
248 2647 346 2714 literis
370 2664 430 2713 oon
455 2647 560 2714 miuus
581 2649 759 2726 efficaciter,
781 2649 903 2733 opinor,
926 2666 1020 2734 quam
1045 2647 1180 2715 dilucide
1203 2647 1263 2715 sub
1285 2665 1336 2714 ar·

115 2755 213 2822 ticulo
237 2753 341 2820 lllll.⁴
363 2753 655 2822 demonstravimus
679 2754 823 2822 Christus
846 2755 928 2822 enirn
952 2755 1112 2840 lpostolos
1139 2756 1276 2840 primum
1304 2755 1334 2820 iu

113 2859 295 2928 sacerdotes
320 2860 547 2946 Episcoposque
563 2861 718 2928 ordinarit
740 2871 834 2948 atque
850 2863 1053 2930 consecravit.
1070 2862 1186 2929 Deinde
1202 2861 1337 2946 apostoli

114 2966 351 3034 constituerunt
375 2967 452 3034 alios
475 2975 542 3034 tum
567 2967 732 3054 Episcopus
749 2977 815 3035 turn
841 2969 1050 3054 presbyteros,
1074 2967 1337 3055 quemadmodum

116 3073 235 3140 Paulus
258 3079 290 3140 et
315 3073 471 3140 Barnabas
501 3091 557 3159 per
588 3074 727 3160 singulas
760 3075 900 3142 ciuitates
933 3075 1041 3142 lesisse
1073 3076 1232 3161 leguntur,
1256 3075 1337 3142 inter

116 3197 201 3267 qnos
224 3179 313 3246 luere
338 3180 519 3248 Timotheus
543 3180 746 3266 Ephesiorum
770 3189 801 3248 et
824 3182 912 3248 Titus
938 3181 1132 3248 Cretensium
1158 3181 1296 3266 Episcopi
1320 3199 1339 3247 a

117 3288 215 3356 Paulo
238 3287 420 3366 consecrati,
443 3287 560 3373 quilius
582 3288 669 3354 iubet
692 3295 728 3354 ut
758 3289 834 3355 alios
864 3297 1092 3374 consequenter
1121 3288 1286 3374 Episcopus
1308 3295 1339 3354 et

117 3393 321 3480 presbyteros
343 3391 510 3478 oppidatim
528 3393 700 3461 instituant.
724 3394 921 3480 Quapropter
945 3395 1062 3480 ubique
1086 3394 1217 3480 legimus
1240 3393 1270 3459 in
1295 3411 1341 3460 sa·

116 3501 183 3568 cris
206 3499 277 3566 nori
303 3500 477 3567 testamenti
502 3499 599 3579 libris,
614 3519 634 3565 a
649 3501 723 3568 solis
740 3500 895 3586 Episcopis
913 3500 1072 3568 ordinatos
1087 3520 1155 3568 esse
1178 3501 1254 3568 alios
1272 3500 1340 3585 Epi-

118 3623 233 3692 scopos
256 3623 292 3672 ac
316 3605 525 3692 presbyteros,
548 3611 642 3693 atque
665 3624 704 3674 ex
738 3606 932 3693 temporibus
955 3607 1170 3692 Apostolorum
1197 3608 1228 3674 in
1261 3607 1340 3672 lianc

191 3853 200 3882 ¹
222 3855 272 3909 En.
292 3855 366 3919 (Sol).
385 3871 411 3922 p.
430 3857 456 3909 ll.
476 3855 550 3910 Dom.
571 3856 669 3924 Quodr.
690 3858 744 3910 Eol.
760 3855 858 3924 toebp
879 3857 959 3921 lgitur
971 3857 1124 3910 adolescens
1143 3853 1266 3922 cupiebat
1281 3869 1341 3908 ren·

118 3955 192 4000 trem
211 3959 290 3999 suurn
310 3945 350 4011 (ut
368 3945 469 4000 similes
487 3944 614 4000 induent
631 3943 709 4000 lnltrn
730 3945 859 4012 lactucas)
878 3959 1020 4012 porcorum
1040 3945 1140 4012 siliquis
1158 3946 1269 4010 explere.

194 4033 204 4062 ¹
224 4037 307 4100 Supra
327 4037 361 4086 89
379 4049 420 4102 sq.

194 4121 205 4150 ⁵
226 4126 274 4176 lste
295 4123 513 4190 «nescioquis»
534 4131 590 4176 erut
609 4123 740 4193 Georgius
760 4123 877 4190 leuauit,
905 4133 1080 4188 cognomento
1105 4121 1227 4188 Sodoliu,
1253 4129 1341 4188 postea

123 4213 350 4280 superintendens
368 4213 471 4265 Etoniae
490 4213 519 4282 (†
542 4213 629 4280 1559),
649 4213 724 4266 cuius
736 4213 819 4266 sorori
833 4227 927 4265 nomon
947 4219 1002 4265 erat
1014 4211 1157 4266 Dorollren.
1174 4211 1225 4266 cn.
1244 4213 1341 4267 Clrron.

123 4301 198 4357 stain.
218 4315 260 4367 ap.
279 4299 406 4365 lldrdnm,
430 4302 499 4354 lton.
523 4302 580 4354 nist
605 4303 665 4354 dnn.
687 4303 766 4355 166.
791 4309 816 4354 et
840 4302 868 4356 t.
887 4300 1009 4366 Solimitt,
1033 4302 1127 4353 «lions
1153 4301 1257 4354 Tarson
1282 4301 1344 4354 eller

120 4393 177 4446 den
196 4391 296 4444 donslre
314 4391 411 4443 Lutuer
424 4409 449 4442 ι.
468 4390 641 4457 lljribenlravu
663 4392 739 4455 1893,
758 4405 783 4457 p.
805 4391 846 4444 ts.

196 4477 208 4510 ⁴
227 4481 311 4547 Supra
332 4481 382 4534 tat
400 4493 440 4548 sq.
