3364 5092
485 331 615 380 reactus
637 329 843 379 conuasssos
1217 315 1278 379 109

54 453 147 520 solute
172 453 334 520 bominem
359 454 540 534 iustificare,
565 455 691 540 quando
714 455 777 522 sint
798 455 877 521 aliae
892 455 984 522 etiam
1009 455 1143 522 virtutes
1160 455 1277 522 bomini

52 559 84 624 ad
107 559 261 626 iustitiam
294 562 499 640 necessariae,
523 561 785 646 quemadmodum
820 580 894 628 rnox
926 561 1036 630 evadet
1064 562 1277 648 perspicuum.

51 665 130 748 Quis,
153 683 228 746 oro,
252 667 301 734 vel
325 667 456 734 rationis
479 666 570 734 alodo
594 685 732 754 covrvpos,
756 668 849 735 etiam
883 668 907 734 si
938 668 1174 735 dialecticorum
1198 687 1278 735 uun·

51 791 138 856 qnam
165 773 278 840 limina
301 773 478 853 calcaverit,
498 793 559 840 non
586 774 698 852 videat,
721 793 817 861 quam
835 791 967 858 prorsus
989 774 1163 842 absurdum
1187 775 1228 841 sit
1242 791 1279 840 ac

50 879 256 964 improbabile
282 881 341 947 boc
364 880 602 966 argumentandi
627 899 744 967 geraus:
770 882 829 948 boc
853 880 970 948 illudve
994 881 1038 948 vei
1067 881 1278 948 necessarium

48 993 98 1062 cst,
122 985 227 1071 igitur
252 987 312 1053 boc
331 986 433 1053 solum
449 986 476 1054 ei
494 986 635 1054 sullicitt
659 987 749 1054 aliud
765 994 812 1054 est
835 987 1004 1073 quicquam
1029 986 1067 1054 ad
1094 1005 1159 1054 rem
1182 987 1278 1073 exigi,

47 1089 125 1157 alind
153 1111 234 1160 vero
257 1094 361 1178 ipsum
385 1093 487 1160 solum
510 1093 548 1160 ad
577 1111 645 1161 eam
671 1093 827 1160 sufficere.
859 1094 934 1160 Nam
959 1093 1075 1179 alioqui
1106 1094 1144 1160 de
1167 1093 1279 1178 quavis

48 1197 161 1264 riunire
200 1197 386 1283 parimodo
420 1199 565 1285 colligere
599 1201 722 1266 liceret:
748 1200 832 1266 Romi.
857 1199 887 1264 8.
921 1199 1004 1284 quod
1037 1199 1277 1284 scriptumest:

48 1303 104 1388 Spe
126 1306 222 1372 salvi
242 1303 330 1390 sueti
350 1325 490 1384 sumum
512 1324 589 1392 erqo
611 1307 677 1373 sola
700 1323 772 1391 spes
797 1306 836 1372 ad
860 1305 992 1372 salutem
1019 1307 1188 1373 humanam
1212 1306 1280 1373 sul·

48 1409 117 1476 ficit.
144 1411 263 1478 Eodem
288 1430 416 1498 quoque
440 1421 530 1497 pacto
553 1430 764 1498 unaquaeque
788 1413 890 1478 virtus
913 1411 951 1478 ad
976 1412 1125 1480 iustitiam
1158 1412 1276 1479 bomini

46 1518 224 1584 necessaria
246 1526 313 1598 est;
338 1519 435 1604 igitur
458 1520 680 1604 unaquaelibet
704 1520 769 1586 sola
792 1519 868 1586 satis
891 1526 947 1585 est.
972 1518 1061 1604 Quod
1087 1525 1173 1586 tanto
1199 1538 1279 1605 qoo-

46 1641 103 1707 que
128 1625 240 1692 minus
263 1625 295 1691 in
319 1625 380 1692 fide
405 1626 496 1704 valet,
519 1632 639 1712 quanto
664 1625 756 1692 sulem
772 1625 885 1692 ceteris
909 1625 1082 1693 virtutibus
1097 1625 1277 1692 inferiorem

46 1746 109 1795 csse
133 1731 234 1815 paulo
257 1738 328 1816 post
342 1731 554 1798 ostendemus.
579 1731 725 1798 Ceterum
744 1749 783 1798 ne
799 1731 848 1798 cui
866 1731 1011 1817 argutius
1033 1749 1135 1818 aequo
1155 1732 1279 1818 singula

49 1835 140 1902 rerba
164 1845 318 1922 tanquam
342 1837 379 1904 ad
398 1837 515 1904 lancem
540 1837 724 1924 expendere
740 1837 856 1914 videar,
873 1836 911 1903 ad
937 1855 1002 1904 rem
1027 1837 1124 1923 ipsam
1148 1855 1278 1922 respon·

46 1939 131 2006 delo.
159 1943 269 2010 Nonne
292 1942 440 2010 omnibus
464 1942 531 2010 istis
555 1943 660 2010 verbis
676 1945 844 2029 bucusque
868 1943 974 2010 relatis
997 1943 1185 2029 capitalique
1210 1945 1276 2012 the-

50 2047 118 2113 niati
143 2047 336 2116 declarando
358 2047 497 2128 adiectis,
522 2067 639 2129 veram,
671 2049 846 2116 absolutam
871 2057 903 2116 et
932 2049 1080 2116 omnibus
1102 2056 1152 2128 (ut
1175 2050 1277 2132 aiunt)

48 2155 187 2221 numeris
211 2153 381 2240 perlectam
406 2155 499 2222 fidem
523 2155 731 2242 circumloqui
760 2156 933 2222 volebatis?
956 2193 1000 2204 —
1024 2155 1081 2223 Sed
1114 2171 1217 2222 nonne
1241 2155 1277 2223 il·

50 2259 98 2324 lud
121 2278 254 2346 qaoque
278 2259 475 2328 mendacium
499 2269 557 2340 est,
581 2262 630 2329 vel
655 2262 935 2329 constantissimam
960 2262 1064 2340 fidem,
1096 2260 1188 2329 modo
1211 2262 1277 2329 sola

48 2365 196 2452 nudaque
212 2374 335 2434 maneat
357 2367 506 2453 nuptiali
519 2368 682 2436 charitatis
704 2377 788 2434 vecte
808 2387 869 2436 non
893 2367 1081 2446 decorata*‚
1105 2367 1277 2436 iustificare
1305 2381 1381 2426 ιιιιιι
1393 2383 1427 2436 ιι.

50 2471 206 2540 bominem
225 2475 260 2538 1ι
283 2473 363 2540 llum
381 2492 445 2560 qua
467 2473 567 2540 maior
591 2473 666 2541 sides
690 2475 738 2541 vel
755 2474 827 2560 fingi
848 2475 961 2560 poterit
983 2492 1030 2554 ea,
1050 2473 1089 2542 de
1112 2493 1175 2560 qua
1190 2473 1277 2541 Cbri·
1303 2541 1378 2588 m
1407 2543 1419 2585 7

50 2585 113 2644 stus
135 2580 199 2645 ait:
226 2582 329 2646 Amen
344 2579 473 2668 quippe
495 2580 569 2647 dieo
592 2579 695 2658 vobis,
711 2579 744 2646 ai
765 2577 950 2647 iudicaritis
972 2579 1173 2666 lidaaaicut
1194 2600 1277 2668 pru-
1347 2595 1384 2640 ιι
1421 2575 1427 2596 ’

107 2711 118 2732 ·
135 2711 252 2758 damiata.

118 2921 124 2956 ¹
146 2920 225 2974 Aliud
243 2925 431 2986 argumentum
449 2919 588 2985 erponltur
608 2919 634 2971 ln
648 2917 804 2974 Evrcltda'dr'o
824 2933 847 2971 c.
867 2921 891 2972 3.
912 2917 931 2972 C
950 2919 981 2971 2:
1004 2919 1094 2972 ...lllud
1108 2919 1193 2974 obiter
1212 2921 1276 2974 adii·

51 3009 112 3060 ciam
133 3023 184 3074 pro
202 3009 244 3076 its,
263 3009 310 3076 qnl
328 3009 456 3062 masinae
475 3008 590 3061 llinerva
610 3008 699 3060 omnia
724 3006 872 3074 expendere
896 3009 988 3070 solent,
1014 3023 1066 3061 non
1090 3007 1178 3062 salam
1196 3009 1276 3081 fidem

49 3097 175 3164 summae,
194 3098 242 3150 etsi
262 3097 325 3150 satis
336 3099 370 3150 sit
387 3095 591 3163 comprobatum
610 3110 642 3149 ea
661 3097 693 3150 iis
711 3111 780 3164 quae
793 3096 862 3149 dicta
881 3102 949 3158 sunt,
964 3103 1051 3150 tamen
1070 3111 1100 3150 ea
1114 3099 1274 3154 crassissima

51 3183 198 3240 diductione
217 3191 329 3240 mactat
347 3183 453 3240 Certum
473 3193 512 3238 est
530 3186 599 3239 enim
619 3187 706 3240 Deum
724 3183 856 3254 optimum
883 3183 1038 3239 maalmam
1063 3186 1097 3240 ad
1118 3187 1277 3242 iustillcatio·

51 3287 104 3326 nom
125 3277 232 3329 amatae
251 3274 326 3342 (sict)
347 3273 515 3328 beatitudlnls
533 3275 745 3328 consecutionem
765 3277 796 3330 ut
811 3273 978 3343 priorarum
992 3287 1106 3330 musam
1124 3277 1276 3346 cooperari.

51 3363 99 3414 laur
117 3365 176 3432 ipse
194 3372 243 3430 ast,
256 3379 270 3416 a
284 3377 339 3432 quo
352 3377 431 3417 omna
443 3362 534 3417 datum
548 3364 679 3430 optimum
693 3365 753 3431 (lan.
774 3363 808 3430 l.)
823 3371 849 3416 et
861 3363 961 3416 donum
975 3367 1123 3429 prolectam
1138 3366 1225 3432 (Rom.
1239 3367 1275 3433 3).

51 3451 102 3515 lose
122 3455 169 3522 qul
183 3454 269 3506 iustus
286 3459 379 3518 suapte
397 3459 489 3506 netrrra
508 3459 535 3506 et
553 3453 696 3506 iustillcans
714 3467 785 3514 eum,
798 3453 844 3520 qui
858 3459 897 3506 est
912 3467 941 3506 aa
959 3453 1013 3505 lide
1025 3454 1080 3506 lesu
1100 3451 1203 3506 Christi.
1223 3455 1277 3506 Exi·

52 3541 161 3605 giraret
178 3541 246 3614 fida
266 3541 333 3612 ipsu,
354 3549 381 3596 ut
399 3543 501 3596 donum
520 3555 534 3594 a
555 3543 609 3596 beo
628 3541 798 3596 distributum
817 3551 843 3595 et
869 3542 1102 3604 communicatum,
1127 3542 1223 3595 deinde
1251 3551 1277 3596 et

52 3633 185 3686 voluntatis
204 3635 337 3686 numanae
356 3631 483 3684 assensio.
501 3630 586 3685 Corde
610 3631 691 3695 enirn,
716 3631 802 3699 inquit
825 3632 929 3694 Paulus,
955 3631 1072 3684 creditur
1096 3631 1131 3684 ad
1150 3631 1275 3684 iustitiam

61 3719 132 3774 Rom.
153 3721 197 3786 t).
218 3723 271 3774 lam
290 3719 371 3774 corde
389 3719 498 3774 credere
515 3727 590 3774 aelus
608 3728 646 3773 est
666 3721 816 3782 intellectus,
836 3735 890 3787 quo
910 3721 963 3772 Deo
982 3719 1106 3773 revelanti
1126 3717 1155 3772 sd
1174 3720 1276 3786 acquie-

51 3809 99 3860 scit.
120 3811 188 3863 llaec
207 3823 273 3862 vero
291 3815 389 3876 quanto
407 3809 545 3861 intervallo
564 3809 668 3874 distent,
687 3822 764 3861 nemo
785 3807 838 3861 ιιιιι
855 3809 935 3878 alipta
950 3807 993 3872 sit,
1013 3808 1124 3872 ignorat.
1139 3807 1274 3876 Siquldcm

52 3895 116 3952 Deus
134 3899 204 3952 aliud
224 3898 363 3966 quippiam
383 3905 422 3950 est
440 3911 458 3951 a
476 3895 528 3966 fide
546 3905 626 3965 atque
649 3912 663 3948 a
687 3898 822 3950 volontate
847 3911 877 3950 ac
902 3898 1032 3951 intellectu
1058 3897 1137 3962 longe
1161 3899 1276 3950 sanctius

51 3985 175 4056 impsque
195 3986 329 4050 indubius,
349 3987 374 4038 ln
393 4000 473 4054 quem
487 3991 515 4038 ut
533 3987 601 4038 nulla
616 3985 769 4049 accidentia,
783 3987 817 4038 lta
837 3999 922 4054 nequo
941 3986 1007 4038 lldes
1026 3985 1104 4052 eadit,
1122 3999 1274 4052 quanquam

51 4075 110 4130 tides
127 4079 197 4130 circa
217 4077 305 4142 ipsum
325 4084 445 4128 versetur
464 4083 492 4127 ut
511 4075 625 4140 primam
645 4075 714 4127 illam
734 4089 765 4128 ac
778 4074 936 4128 infallibilem
957 4075 1109 4138 veritatem
1127 4075 1165 4128 sic
1177 4081 1203 4128 et
1221 4089 1275 4140 cor,

51 4165 156 4230 animus,
175 4165 321 4218 lntellectus
339 4164 453 4218 bominis
471 4178 485 4216 a
506 4165 566 4218 lldei
583 4171 638 4216 tum
651 4167 715 4218 ueta
728 4167 787 4218 lum
807 4162 899 4218 babitu
913 4163 1067 4232 loupiasr'me
1080 4162 1190 4228 dietam,
1202 4165 1275 4231 quod

52 4253 109 4306 naec
121 4252 279 4320 accidmlia
298 4253 339 4306 illa
358 4267 423 4306 vero
441 4251 592 4308 acbatoutia
612 4267 643 4304 ae
659 4251 794 4321 polentiae
813 4251 847 4305 ab
866 4253 954 4304 anima
974 4267 1001 4304 ra
1030 4253 1084 4317 ipsa
1110 4253 1150 4304 vel
1176 4254 1276 4304 rationo

62 4351 188 4410 utrunque
207 4343 277 4395 enim
297 4355 360 4395 suos
378 4341 458 4396 babet
477 4343 611 4409 patronos)
632 4349 794 4408 propagatae
813 4341 871 4394 sint.
892 4342 964 4408 Quae
983 4355 1075 4394 rursus
1099 4341 1170 4394 aliud
1198 4341 1276 4407 quip-

52 4413 153 4494 piama‘
164 4432 219 4484 llde
235 4437 297 4484 sunt
315 4437 343 4484 et
361 4429 446 4486 rtt'bilo
465 4433 554 4486 tomen
573 4429 665 4484 minua
684 4431 716 4484 ad
737 4431 848 4482 salutem
868 4429 1005 4494 pertinent,
1024 4431 1073 4482 boc
1086 4430 1158 4496 qnod
1178 4430 1220 4482 alii
1240 4431 1276 4484 dl·

52 4527 107 4574 root
124 4517 266 4576 scobebat
283 4525 365 4588 atqrm
382 4521 413 4574 ιιι
430 4533 475 4574 res
494 4517 627 4574 deotilolie
647 4520 787 4586 particeps.
807 4519 937 4572 llactenus
956 4517 990 4570 de
1009 4517 1040 4572 iis
1051 4517 1114 4572 satls
1131 4532 1274 4587 superque.
