3364 5092
383 281 445 349 13st
694 297 890 348 CONFUTATIO
912 299 1144 348 curheuhutsntl
1168 299 1286 348 ululet.

379 425 471 492 hodie
494 424 673 502 lutherani,
697 442 755 492 ceu
771 423 939 491 Manichaei
956 415 1153 509 posthumiae
1175 425 1289 510 proles
1305 423 1380 491 dum
1404 422 1485 489 nibil
1506 422 1625 489 libero
1677 429 1678 490 ὴ

378 531 509 599 arbitrio
532 537 657 616 praeter
674 537 834 616 peccatum
850 531 1038 610 attribuunt,
1054 531 1149 598 stulte
1164 539 1195 598 et
1215 529 1436 616 imprudenter
1459 547 1622 596 errorem

248 652 356 698 nonuun-
379 639 466 706 illum
490 639 607 705 evitare
630 639 769 705 volentes
791 638 822 702 in
846 638 1039 704 contrarium
1063 639 1197 724 prolapsi
1222 645 1296 705 snut
1320 635 1457 720 (dicente
1473 636 1620 702 Flacco:

379 745 459 812 Dum
484 747 582 812 vitant
605 745 691 813 stulti
716 745 790 811 vitia
813 745 845 811 iu
869 745 1026 811 contraria
1048 753 1192 812 currunt.
1218 745 1252 812 Et
1276 762 1408 811 rursus:
1433 743 1465 809 ln
1491 743 1619 809 vitium

377 852 464 920 ducit
487 853 597 938 cnlpae
620 851 703 938 luga,
728 852 752 918 si
777 858 864 919 caret
885 858 965 932 arlo)
989 851 1210 919 contendentes
1241 853 1317 918 hoc:
1341 850 1498 936 Quicquid
1535 849 1617 915 honi

378 959 495 1028 habeut
518 961 629 1026 merita
653 967 758 1025 nostra
782 975 877 1024 uuam
901 959 1062 1044 solamque
1079 959 1130 1024 bel
1148 959 1278 1045 gratiam
1304 966 1403 1024 totum
1428 965 1460 1024 et
1474 957 1621 1022 omuino

379 1067 410 1132 in
434 1067 523 1133 uobis
544 1084 647 1152 agere,
664 1065 798 1133 liberum
815 1084 890 1132 vero
912 1065 1079 1132 arbitrium
1102 1065 1257 1134 duntaxat
1272 1065 1312 1132 ab
1335 1071 1447 1150 agente
1465 1063 1496 1128 in
1515 1063 1620 1129 nobis

379 1173 432 1240 bei
457 1173 569 1258 spiritu
588 1173 671 1239 velut
695 1173 939 1240 instrumentum
955 1173 1038 1251 duri,
1056 1172 1172 1239 moveri
1188 1190 1225 1239 ac
1243 1172 1316 1258 pati.
1342 1173 1377 1237 ht
1395 1169 1534 1238 Ecclesia
1555 1169 1616 1235 [lei

379 1281 530 1348 catholica
545 1298 603 1346 ceu
628 1279 706 1346 Petri
732 1279 875 1346 navicula
897 1297 955 1345 suo
978 1280 1111 1366 quodam
1137 1297 1223 1346 more
1240 1279 1321 1346 iuter
1344 1286 1510 1345 extremos
1532 1277 1617 1343 bae-

379 1388 549 1454 reticorum
573 1403 698 1454 errores
730 1385 858 1471 perinde
888 1405 925 1453 ac
947 1387 1078 1472 Scyllam
1109 1393 1204 1472 atque
1226 1384 1429 1470 Charybdim,
1464 1383 1614 1450 medium

379 1491 519 1559 veritatis
541 1491 601 1558 iter
625 1500 743 1570 teneus,
766 1510 803 1558 co
827 1491 1036 1558 moderamine
1059 1501 1204 1558 naturam
1228 1500 1260 1558 et
1283 1491 1415 1577 gratiam
1445 1490 1477 1556 iu
1504 1489 1616 1555 bomi-

379 1617 454 1666 uum
481 1599 601 1666 merilis
623 1605 846 1683 contemperat,
870 1605 907 1664 ut
929 1599 1073 1684 quamvis
1095 1598 1218 1666 divinae
1240 1597 1366 1684 quidem
1392 1597 1512 1683 gratiae
1541 1595 1614 1682 pri-

379 1723 447 1772 mas
470 1706 527 1788 (uti
552 1725 609 1792 par
632 1709 692 1786 esti
717 1715 820 1791 partes
842 1705 987 1784 ascribat,
1004 1707 1142 1772 humano
1159 1713 1261 1772 tamen
1286 1705 1418 1772 arbitrio
1435 1721 1510 1771 suas
1526 1721 1615 1788 quo

379 1831 441 1899 que
466 1812 631 1898 relinquat,
654 1812 769 1879 docens
799 1813 901 1898 ipsum
933 1813 996 1879 Deo
1018 1813 1190 1897 cooperari,
1214 1808 1396 1878 eristius*
1427 1828 1501 1877 curu
1529 1811 1614 1886 Deo,

379 1937 437 1986 ceu
461 1919 621 2004 principali
647 1937 751 1998 carisa,
775 1919 911 1986 secundo
935 1920 1001 1986 loco
1024 1936 1092 1986 esse
1115 1919 1233 1986 bonum
1256 1937 1336 2004 opus
1352 1917 1487 1985 edicere.
1513 1915 1613 2002 Quod

379 2026 481 2111 ipsum
507 2025 563 2092 elsi
589 2025 753 2092 universae
776 2026 951 2110 scripturae
967 2026 1090 2111 phrasis
1106 2043 1262 2110 nusquam
1279 2043 1340 2092 non
1365 2024 1502 2090 dilucide
1519 2041 1612 2090 com·

380 2140 541 2212 monstrat,
565 2133 680 2218 quippe
706 2133 735 2198 iu
760 2133 929 2218 quatiens
956 2141 1086 2200 vocatur
1110 2142 1215 2200 noster
1238 2132 1373 2211 adiutor,
1399 2131 1548 2198 domiuus
1578 2137 1613 2196 et

381 2239 611 2326 paterfamilias,
636 2237 704 2322 (99)
727 2259 784 2306 nos
806 2247 910 2306 alitem
935 2241 1028 2318 serri,
1051 2239 1197 2325 operarii,
1222 2239 1417 2316 mercenarii,
1441 2237 1611 2323 dispeusa-

380 2354 474 2424 tores‚
499 2346 602 2425 villici,
626 2345 788 2431 agricolae,
813 2346 962 2413 vinitores
985 2354 1016 2412 el
1038 2346 1251 2413 aedificatores
1274 2328 1406 2430 aliisque
1422 2344 1611 2410 nominibus

380 2453 583 2531 translatitiis,
607 2453 722 2538 quibus
747 2453 887 2537 praelare
910 2453 1113 2538 significatur,
1130 2453 1271 2520 uounihll
1288 2470 1381 2538 agere
1406 2469 1461 2518 uos
1485 2457 1518 2518 el
1543 2469 1609 2516 nou

381 2566 501 2626 mulum
528 2560 666 2644 rccipcre
690 2575 745 2625 sen
769 2560 850 2644 pati;
876 2566 979 2626 tamen
1002 2560 1065 2627 duo
1089 2560 1155 2626 loca
1179 2560 1258 2627 hauc
1293 2560 1323 2625 in
1349 2576 1415 2626 rem
1440 2558 1608 2643 aptissima

381 2666 535 2752 proteram
560 2683 600 2732 cx
624 2667 768 2751 hpostolo
791 2666 895 2745 Paulo,
927 2684 1050 2733 summo
1073 2667 1187 2752 alioqui
1216 2667 1334 2752 gratiae
1359 2666 1412 2732 Dei
1438 2681 1609 2750 praecone,

381 2781 488 2858 utpote
511 2791 605 2858 quam
630 2773 660 2839 iu
678 2791 710 2838 se
732 2773 900 2839 maximam
917 2781 1070 2858 expertus
1085 2773 1190 2852 inerit,
1207 2792 1248 2840 ex
1266 2781 1468 2858 persecutore
1484 2771 1607 2838 Christi

213 2893 361 2949 (eneam
381 2880 575 2965 praedicator
597 2879 736 2946 eiusdem
767 2880 877 2946 lactus
902 2881 988 2946 Unus
1017 2888 1064 2947 cst
1091 2883 1117 2946 l.
1142 2881 1210 2947 Cor.
1236 2879 1287 2948 3.:
1314 2880 1451 2958 Etenim,
1488 2878 1607 2964 iuquit,

383 2987 441 3052 hez·
463 3005 581 3052 cultros
604 2986 791 3071 cooperarii
798 3011 809 3063 ,·
832 2987 876 3053 sic
898 2987 981 3052 euim
1006 2987 1122 3053 rectius
1145 2987 1239 3053 vertit
1265 2987 1413 3053 Erasmus
1428 2986 1505 3054 illnd
1531 2993 1608 3048 Θεοῦ

380 3095 429 3171 γὰρ
448 3097 521 3172 ἐσμὲν
541 3099 665 3170 σΰνεργοι.
687 3098 820 3171 Σὸνεργος
843 3093 924 3160 enim
941 3092 979 3160 ad
997 3092 1128 3160 leblllli
1146 3093 1371 3178 interpretatur
1388 3096 1605 3179 cooperarius

213 3213 306 3310 ltcffi·
322 3212 355 3266 ¹⁵.
380 3201 463 3267 llller
488 3218 562 3266 vcro
585 3208 632 3265 est
657 3201 751 3266 huius
782 3200 880 3285 ipsius
910 3201 1057 3284 epistolae
1091 3202 1140 3265 lb'.
1173 3201 1283 3285 capite,
1314 3219 1378 3285 quo
1403 3201 1469 3266 loco
1500 3200 1539 3267 de
1572 3219 1608 3268 se

296 3267 304 3322 )
381 3309 477 3375 verba
511 3307 641 3374 iaciens:
671 3307 792 3374 Grotlo
818 3307 885 3385 Dei,
910 3307 1021 3393 iuquit,
1045 3325 1120 3372 scm
1144 3307 1179 3374 hl
1202 3307 1290 3395 quod
1320 3327 1408 3385 serra,
1432 3315 1461 3374 ct
1486 3309 1607 3395 pretio

380 3415 451 3480 eicco
476 3414 510 3480 iu
540 3433 590 3478 me
614 3433 723 3480 coeno
754 3434 820 3479 eron
850 3411 928 3499 facil,
959 3414 1017 3479 ,sed
1047 3413 1276 3480 olruudcutins
1303 3414 1418 3480 celeris
1450 3413 1607 3480 emradius

380 3519 542 3598 laboravi,
566 3539 633 3586 nou
655 3539 711 3606 epo
735 3529 857 3598 oulchi,
873 3519 930 3585 scd
943 3521 1059 3606 prelio
1078 3520 1136 3585 Dei
1151 3539 1287 3585 elecem.
1304 3519 1381 3604 Qaris
1399 3521 1458 3600 his,
1474 3540 1605 3606 quaeso,

380 3627 484 3694 verbis
508 3645 564 3712 pro
587 3627 645 3693 hac
670 3643 704 3693 re
720 3627 837 3712 gratiae
860 3635 891 3692 et
906 3635 1038 3692 naturae
1054 3627 1084 3692 in
1109 3626 1198 3693 bouis
1213 3627 1363 3712 operibns
1383 3627 1606 3694 ronitruclioue
1677 3657 1678 3670 ¹

380 3741 411 3800 et
433 3733 650 3818 cooperatione
673 3741 785 3799 mutua
807 3733 865 3800 dici
892 3733 992 3818 potuit
1015 3733 1235 3799 manifestius?

468 3836 576 3908 Tertia
597 3839 732 3925 denique
756 3839 942 3907 conflictatio
965 3847 1013 3907 est
1042 3837 1081 3909 do
1110 3837 1207 3910 libero
1237 3836 1384 3923 arbitrio,
1416 3857 1480 3930 qua
1510 3841 1607 3929 porto

212 3958 362 4057 impug-
380 3961 449 4014 cum
471 3945 525 4015 Dei
548 3941 745 4034 providentia
775 3945 985 4036 comparatur,
1011 3948 1101 4034 louge
1124 3949 1263 4015 omnium
1296 3956 1329 4016 et
1359 3947 1605 4034 implicatissima

218 4067 357 4166 ffiffirg·
381 4060 411 4118 et
435 4053 818 4137 periculosissimarum
842 4054 1026 4122 Christianis
1042 4055 1142 4133 modo,
1167 4073 1276 4122 rerum
1294 4055 1387 4122 etiam
1403 4055 1444 4122 ab
1464 4053 1607 4122 Ethnicis

380 4159 452 4224 olim
478 4159 679 4244 philosophis,
695 4160 749 4226 iliu
775 4162 972 4247 multumque
988 4163 1127 4246 quaesita
1143 4170 1174 4228 et
1198 4162 1319 4230 anullo
1344 4162 1511 4248 diligenter
1528 4163 1605 4230 satis

379 4274 474 4352 atque
497 4274 674 4333 constanter
697 4267 852 4353 expedita.
870 4267 922 4334 llic
947 4267 1106 4352 Epicnraei
1131 4275 1242 4354 negata
1266 4269 1319 4336 Dei
1346 4269 1541 4354 providentia
1564 4269 1605 4336 do

380 4372 485 4452 rebus,
511 4381 546 4438 nl
570 4373 703 4440 liberum
728 4361 845 4440 horuiui
870 4382 1032 4440 servarent
1054 4374 1232 4455 arbitrium,
1260 4376 1447 4456 docuerunt,
1471 4393 1548 4444 casu
1572 4383 1605 4444 et

442 4507 452 4527 ¹
473 4506 589 4555 ‹istius›
609 4508 682 4554 deest.
