3384 5082
522 207 651 254 neurius
682 193 906 255 corrorrsssus.=
1257 187 1318 254 Eli

103 333 211 399 horum
242 331 425 416 dogmatum
458 331 582 398 executi
615 339 699 398 sunt.
736 331 811 398 llam
844 331 990 415 magister
1024 331 1150 398 loannes
1184 331 1322 397 lanssen

103 439 308 524 Episcopalem
334 437 391 505 sibl
416 438 634 505 auctoritatem
659 455 828 523 usurpans
852 446 960 523 aperta
985 437 1205 523 Episcopornm
1228 437 1324 504 liuius

103 547 184 632 regni
210 545 423 630 praelatorum
449 545 604 623 irrisione,
627 553 808 630 contemptu
833 554 864 611 et
888 545 1012 623 iniuria,
1036 543 1212 611 sacerdotes
1240 543 1322 609 ordi·

102 671 174 720 nare
197 653 410 738 praesumpsit
432 661 464 719 ct
487 651 721 719 concionatores
738 652 912 730 instituere,
935 653 989 737 qul
1013 661 1045 718 et
1061 669 1118 736 pro
1142 652 1225 718 veris
1240 650 1322 736 apud

100 760 332 826 amoenantur
356 758 570 826 sacerdotibus
593 776 665 824 cum
691 758 853 826 manifesta
877 759 983 843 popnli
1008 758 1189 825 idololatria.

623 969 797 1059 Responsio.
887 1067 893 1078 .

186 1185 282 1270 Negat
306 1185 453 1270 magister
478 1187 605 1252 loannes
629 1185 778 1262 Tanssen
802 1203 834 1252 se
859 1203 998 1270 unquam
1023 1185 1199 1252 sacerdotes
1218 1169 1326 1252 conse-

101 1310 214 1369 crasse,
238 1311 311 1359 cnm
337 1293 367 1358 id
398 1293 496 1364 solius
519 1293 573 1358 Dei
604 1300 662 1368 est,
686 1291 739 1358 sed
764 1293 849 1358 viros
876 1292 996 1376 aliquot
1019 1292 1160 1358 doctrina
1191 1301 1221 1358 et
1246 1292 1326 1358 vitae

99 1399 302 1466 sanctimonia
325 1408 480 1486 spectatos
496 1399 562 1465 suis
585 1399 742 1483 sullragiis
758 1399 874 1484 populo
889 1408 918 1465 et
944 1399 1096 1466 Ecclesiae
1113 1399 1293 1484 l'iiaergensi
1311 1397 1326 1431 *

99 1506 333 1573 commendasse
358 1506 483 1584 latetur,
506 1505 624 1591 quihus
646 1524 687 1571 ex
711 1505 906 1573 Christianae
931 1505 1141 1572 multitudinis
1170 1523 1326 1572 consensu

98 1621 127 1678 et
148 1612 273 1679 ardenti
300 1620 372 1679 roto
397 1631 513 1679 munias
537 1611 733 1698 praedicandi
750 1613 865 1679 Christi
885 1611 1083 1696 Evangelium
1101 1611 1233 1678 credidit
1253 1630 1325 1678 cnm

97 1737 252 1786 manuum
277 1719 472 1804 impositione
496 1726 527 1786 et
549 1720 690 1786 oratione
728 1719 879 1785 Ecclesiae
910 1718 948 1785 ad
982 1719 1079 1785 Deum
1117 1719 1326 1804 tractantque

97 1836 131 1892 nt
155 1829 188 1892 in
213 1833 485 1893 sacramentorum
517 1826 785 1893 administratione
809 1825 941 1912 aliisque
971 1825 1082 1892 officiis
1108 1825 1327 1892 Ecclesiasticis

96 1933 214 2018 populo
238 1933 415 2000 Christiano
430 1933 539 2000 sedulo
556 1933 761 2011 inservirent;
778 1941 809 2000 et
834 1934 940 2000 innoc
964 1915 1180 2017 apostolorum
1199 1940 1328 1999 secutus

96 2049 142 2107 est
167 2040 344 2106 doctrinam
369 2048 399 2107 et
423 2041 615 2126 exemplum.
639 2039 785 2106 Celerum
811 2059 871 2106 non
904 2040 979 2107 satis
1011 2039 1222 2125 intelligimus,
1250 2039 1326 2125 qnid

97 2148 154 2214 sibi
183 2148 252 2213 vult
276 2147 328 2212 illa
352 2147 506 2232 particula
528 2147 566 2212 ad
590 2147 705 2212 calcem
731 2142 822 2229 (214)
845 2147 969 2214 articuli
1002 2146 1121 2213 adiecta
1145 2153 1230 2229 (crim
1263 2165 1327 2212 ma·

98 2253 211 2320 niiesta
238 2253 343 2338 populi
369 2252 566 2336 idololatria),
590 2254 647 2320 nisi
665 2253 745 2320 lorte
770 2253 965 2338 persuadetis
989 2253 1088 2332 nobis,
1114 2253 1182 2319 illos
1198 2272 1258 2319 non
1277 2254 1329 2320 na·

98 2363 174 2427 bere
197 2360 416 2426 auctoritatem
440 2378 554 2426 cinnae
569 2360 742 2426 dominicae
759 2361 942 2444 mysterium
963 2359 1140 2445 peragendi,
1165 2359 1248 2446 quod
1265 2378 1327 2426 non

98 2475 219 2534 sunta
242 2466 330 2534 vobis
355 2467 514 2552 vestrique
529 2466 685 2534 similibus
708 2468 793 2533 uncti
819 2475 850 2532 ot
875 2467 948 2544 rasi,
971 2477 1067 2553 atque
1091 2467 1159 2533 ideo
1177 2467 1327 2552 populum

99 2574 169 2641 lteri
195 2573 402 2651 idololatram,
434 2574 487 2659 qui
512 2573 627 2640 Christi
652 2591 768 2658 corpus
791 2582 823 2640 et
846 2575 1028 2658 sangninem
1054 2592 1125 2640 cnm
1157 2574 1250 2658 digna
1281 2593 1328 2640 sa-

98 2680 252 2746 cramenti
279 2679 454 2747 reverentia
477 2679 518 2746 ab
532 2697 642 2746 eornm
665 2687 796 2746 sumunt
820 2679 974 2746 maninus.
1001 2680 1112 2746 Eadem
1136 2697 1232 2764 opera
1257 2697 1329 2764 pro-

100 2789 182 2854 betis
205 2788 366 2872 spostolus
389 2805 497 2853 omnes
520 2804 696 2870 eorumque
719 2786 889 2870 discipulos
906 2788 1056 2872 populum
1073 2787 1110 2853 ad
1136 2787 1329 2853 manifestam

99 2894 307 2960 idololatriam
334 2893 507 2970 induxisse,
531 2893 613 2978 quod
632 2911 692 2960 non
711 2893 796 2959 uncti
821 2903 852 2960 et
877 2895 937 2958 rasi
964 2912 1065 2980 neque
1086 2895 1126 2960 ab
1150 2893 1331 2960 nominibus

98 3001 273 3068 consecrati
298 2999 397 3068 luere.
424 3001 541 3068 Verum
565 3009 700 3068 vestram
726 3019 868 3068 rasuram
894 3008 925 3068 et
948 3001 1051 3068 oleum
1086 3001 1203 3086 aliquid
1228 2999 1330 3066 lacero

100 3107 140 3174 ad
167 3107 322 3174 Ecclesiae
348 3107 507 3174 ministros
532 3108 748 3187 instituendos,
773 3117 828 3174 ant
851 3108 888 3174 acl
914 3109 979 3174 teri
1005 3109 1191 3175 sacramenti
1217 3116 1330 3191 myste-

101 3215 185 3282 rium
211 3213 423 3300 peragendnm
447 3214 545 3281 solida
568 3215 726 3299 scriptura
750 3234 911 3300 nunqnam
936 3215 1093 3282 evincetis.
1119 3215 1200 3280 lianc
1226 3215 1330 3298 itaquo

101 3329 240 3388 vestram
267 3321 409 3388 haeresin
434 3321 527 3406 digno
552 3322 709 3388 volumine
732 3322 806 3388 olim
831 3323 970 3389 sentietis
987 3322 1196 3388 refellendam.

624 3530 814 3603 montalto.

195 3749 348 3816 lliscussis
373 3749 538 3833 noctisque
562 3748 710 3814 salsorum
734 3749 915 3832 rlcpnmtmn
940 3747 1092 3824 articulis,
1109 3755 1227 3814 restant
1248 3767 1331 3813 nunc

101 3857 231 3923 rlcrnnnr
248 3855 371 3922 articuli
389 3855 453 3922 cluo
470 3857 623 3921 lactornrn
643 3855 712 3920 inde
729 3855 987 3940 consequentium
1007 3855 1092 3920 sollis
1115 3855 1238 3929 olriecti,
1257 3873 1332 3939 [narrt-

102 3965 150 4028 ris
174 3963 279 4029 itidem
304 3963 495 4040 excutiendi,
514 3963 543 4028 in
567 3963 684 4048 quilnrs
700 3963 756 4029 etsi
783 3962 932 4046 ploraque
954 3963 1082 4046 nopotis,
1107 3979 1193 4028 ruore
1215 3961 1331 4026 scilicet

104 4079 220 4148 restro,
240 4069 323 4136 aliud
343 4069 423 4138 inter
442 4078 561 4136 vestros
577 4079 713 4154 spernes,
730 4069 814 4135 alind
828 4067 860 4098 ⁸*
879 4069 1100 4152 rospomlcntns
1116 4069 1197 4154 :ipim
1216 4068 1333 4134 irnlices

103 4177 253 4254 accusati,
279 4183 380 4242 trnren
407 4183 607 4262 posteaquam
632 4196 668 4242 ea
700 4183 766 4241 tnrn
798 4176 958 4250 docuistis,
992 4185 1057 4242 turn
1086 4175 1215 4241 corilessi
1248 4175 1332 4250 estis,

104 4285 189 4352 unde
226 4285 312 4362 nnec,
336 4303 417 4369 quac
454 4285 540 4350 vobis
564 4283 737 4350 ultiecimns
762 4283 850 4361 lacta,
876 4284 960 4348 ultro
991 4291 1239 4367 coriscqnnntuc
1272 4301 1331 4348 nrm

169 4417 179 4438 ⁶
197 4415 348 4474 libnrgensi.
755 4417 777 4436 ⁶·
796 4419 829 4462 et.

1197 4515 1225 4566 ro
