3364 5092
507 306 620 354 neruos
643 303 850 353 coucunssus.
1238 285 1294 350 ab

60 431 222 510 facientes,
254 439 363 516 utpote
394 449 413 498 a
436 431 549 516 spiritu
573 437 681 496 sancto
702 429 869 514 proiectae,
892 425 993 494 obviis
1015 433 1064 508 (ut
1087 428 1188 509 aiunt)
1213 426 1296 494 nlnis

3 573 5 586 ·
58 537 301 622 amplexandae.

149 647 190 712 tlt
212 663 289 712 vero
312 663 373 712 non
399 645 491 712 mono
513 645 658 712 doctores
683 644 845 710 literarum
870 643 990 711 studiis·
1004 643 1045 710 ab
1069 643 1197 710 ineunte
1212 649 1295 709 aeta-
1318 649 1466 749 {mm

58 757 86 818 te
111 752 264 819 instructi
288 759 384 838 atque
409 752 438 818 in
464 752 529 838 lege
552 750 668 818 domini
693 757 800 818 noctes
822 756 853 817 et
876 750 943 818 dies
969 749 1100 816 exerciti
1132 748 1171 815 ad
1203 766 1296 834 pene-
1324 759 1454 802 vervum·

58 859 175 926 tranda
199 859 344 927 coelestis
366 859 536 945 sapientiae
558 875 675 925 arcana
697 857 811 942 spiritu
835 864 943 924 sancto
966 856 1113 922 illustrati
1131 855 1231 934 fraere,
1249 873 1295 921 ve-

59 985 130 1032 rum
157 966 254 1033 etiarn
280 966 500 1051 compluribus
523 962 593 1046 (33)
621 965 790 1050 utriusque
814 982 923 1042 sexus
947 962 1049 1030 idiotis
1073 961 1199 1047 quidem
1224 961 1295 1038 illis,

59 1072 229 1151 illiteratis,
253 1079 287 1138 at
310 1072 437 1138 minime
461 1071 646 1157 vulgaribus
669 1069 723 1137 Dei
747 1070 867 1149 amicis,
892 1069 1025 1154 legimns
1047 1067 1193 1153 spiritum
1225 1084 1296 1132 sau-

59 1189 145 1245 ctum
172 1197 191 1245 e
216 1179 369 1246 thesauro
391 1178 514 1245 divinae
538 1177 707 1263 sapientiae
731 1176 900 1244 secretiora
932 1175 1085 1261 quaedam
1114 1181 1145 1240 et
1171 1191 1295 1252 arcana,

61 1303 166 1371 neque
190 1285 268 1353 satis
291 1303 443 1370 expressa
467 1285 577 1363 literis,
602 1301 704 1369 neque
727 1283 842 1350 sauotis
865 1290 990 1350 ostensa
1017 1280 1209 1357 doctoribus,
1233 1280 1296 1346 sio·

61 1391 162 1475 gulari
188 1391 327 1476 quonam
351 1391 504 1458 amicitiae
530 1389 692 1476 privilegio
710 1389 873 1456 revelasse.
898 1389 973 1455 Nam
990 1396 1021 1454 et
1045 1387 1202 1472 principes
1218 1387 1296 1471 lpo

62 1497 217 1564 stolorum
242 1505 273 1564 et
297 1496 428 1581 spiritns
451 1496 618 1582 primitiae,
640 1496 716 1562 rium
740 1514 758 1561 a
792 1495 917 1563 cbristo
942 1500 1141 1572 vocarentur,
1176 1492 1296 1570 rustici,

64 1604 237 1686 piscatores
259 1610 292 1670 et
315 1603 428 1670 indocti
454 1603 594 1681 inerant,
618 1602 702 1670 nudo
725 1602 870 1668 Christos
898 1601 979 1687 patri
1002 1600 1120 1685 gratias
1143 1598 1297 1666 eadere

65 1728 174 1794 agens:
204 1709 360 1789 Gratiae,
385 1709 498 1796 inquit,
529 1727 594 1796 ogo
625 1708 685 1776 tibi
706 1719 814 1795 poter,
851 1707 980 1774 rimulae
1010 1705 1090 1772 coeli
1111 1714 1140 1772 el
1175 1713 1296 1783 terroe,
1320 1713 1395 1810 ⁸er
1410 1713 1443 1765 u,

66 1817 150 1902 procl
181 1815 398 1884 absconderis
429 1814 555 1882 bocco
585 1813 792 1902 capientibus
814 1824 844 1880 et
866 1811 1097 1900 prodentibus,
1122 1820 1150 1878 el
1174 1809 1298 1878 revelo
1397 1798 1403 1810 ’

66 1925 178 1989 υενίεῑ
203 1942 244 1989 eo
266 1921 432 2008 porculis.
464 1921 546 2007 Quin
578 1911 723 1989 extrema
753 1921 895 1987 oratione
918 1919 971 1986 illa
994 1918 1042 1986 sui
1075 1918 1297 1985 revelationem

66 2029 244 2097 amantibus
265 2045 340 2096 enm
363 2037 471 2113 aperte
496 2027 678 2114 pollicetur:
713 2027 790 2109 Qui,
823 2026 935 2112 inqiut,
959 2024 1068 2110 diligit
1097 2043 1159 2102 me,
1184 2015 1297 2108 ‹litige-
1321 2031 1351 2077 ¹⁰·
1365 2031 1399 2084 1⁶·
1413 2031 1448 2077 n.

68 2143 120 2200 tor
143 2155 167 2202 o
189 2143 296 2220 parre*
311 2153 394 2211 oreo,
418 2142 520 2220 elego
536 2132 677 2219 diligam
693 2151 767 2198 eom
784 2141 813 2199 et
829 2128 1050 2216 manifestabo
1070 2131 1100 2196 ei
1122 2130 1295 2214 meipsam.

68 2241 196 2308 lminde
221 2259 283 2308 nou
308 2241 409 2307 solnm
434 2239 558 2306 erudita
592 2238 756 2306 doctorum
792 2237 1027 2316 commentaria,
1057 2253 1166 2302 rerum
1202 2235 1295 2302 etiam
1406 2267 1411 2276 ·

68 2347 132 2432 piac
155 2353 339 2414 sanctornm
357 2345 573 2423 revelationes,
590 2344 685 2411 veluti
703 2361 721 2412 e
741 2342 955 2429 penetralibus
978 2342 1109 2426 spiritus
1131 2341 1228 2408 sanmi
1244 2339 1298 2406 de-

67 2461 240 2539 promptae,
266 2452 450 2538 praesertim
480 2451 533 2519 ubi
560 2449 712 2518 Ecclesiae
744 2450 886 2516 calculos
911 2449 1088 2528 accesserit,
1112 2447 1296 2532 neutiquam

69 2557 295 2626 contemnenda
317 2565 393 2625 sunt
416 2566 600 2644 tanquama
622 2556 800 2623 Christiana
815 2561 847 2622 et
872 2554 1054 2640 Evangelica
1077 2553 1219 2621 doctrina
1234 2552 1298 2619 clis-

67 2673 231 2732 sentauece
254 2681 310 2730 seu
335 2663 463 2731 alienae.

153 2771 217 2838 lain
243 2770 367 2837 verosi
391 2769 538 2836 dominus
561 2769 645 2836 Deus
661 2768 759 2836 sacris
781 2767 964 2835 doctoribus
979 2774 1012 2834 et
1027 2765 1142 2833 sanmis
1166 2765 1297 2850 quibos·
1321 2776 1358 2822 vl·

67 2879 135 2945 lam
160 2877 265 2944 idiotis
287 2883 343 2944 aut
366 2875 497 2962 privatis
520 2873 701 2942 bominibus
730 2881 790 2941 aut
813 2880 899 2942 certe
930 2872 1169 2959 particularium
1195 2871 1297 2938 Eccle-
1320 2829 1455 2928 sm„

69 2987 185 3052 siarum
208 2981 374 3068 praelectis
397 2981 544 3068 spiritum
569 2988 712 3048 sanctum
728 2981 766 3047 ad
784 2979 937 3047 Ecclesiae
961 2979 1127 3047 utilitatem
1143 2979 1220 3045 adeo
1236 2978 1298 3045 lar·
1321 2937 1456 2982 mm

69 3093 147 3178 giler
170 3089 326 3175 impartiri
351 3087 497 3174 dignatus
528 3094 585 3165 est,
620 3096 741 3173 quanto
763 3087 911 3155 uberiore
945 3085 1076 3171 spiritus
1104 3085 1202 3152 sancti
1238 3103 1298 3152 on-

70 3199 168 3266 rtione
192 3194 356 3281 perlusum
373 3193 502 3261 credere
524 3193 683 3279 oportebit
698 3192 876 3278 generalem
892 3191 1007 3259 Cbristi
1034 3191 1185 3258 vicarium
1201 3198 1298 3276 atque

71 3318 226 3371 summum
252 3299 439 3367 universalis
463 3299 616 3366 Ecclesiae
640 3298 825 3384 praesidem,
850 3298 987 3364 maxime
1017 3297 1102 3382 quod
1125 3297 1297 3375 Christum,

71 3409 123 3496 qni
145 3413 177 3475 et
200 3425 259 3492 pro
280 3405 428 3472 omnibns
451 3405 634 3490 ubicunque
657 3404 790 3472 victuris
815 3411 947 3472 mortem
972 3403 1079 3480 subiit,
1104 3411 1135 3470 et
1161 3401 1199 3468 ad
1223 3419 1298 3468 cou-

74 3513 307 3584 summationem
331 3528 434 3598 usqne
456 3511 553 3579 seculi
585 3527 619 3578 se
649 3511 825 3578 allatorum
849 3510 915 3577 suis
939 3509 1092 3594 promisit,
1116 3527 1178 3574 noo
1207 3509 1297 3574 Petro
1325 3521 1400 3620 ”⁸¹33
1414 3523 1448 3578 sa,

75 3628 201 3698 tanturn,
218 3619 271 3686 sod
291 3625 322 3685 et
343 3617 500 3686 universis
516 3617 546 3684 in
563 3635 601 3684 oo
616 3615 852 3684 successoribus
869 3615 1049 3708 promisisse
1065 3633 1122 3700 par
1137 3620 1184 3680 est
1200 3613 1297 3692 credi,
1399 3608 1404 3621 '

77 3729 147 3806 lore,
168 3732 203 3792 nt
226 3732 336 3810 portae
360 3723 532 3791 interorum
558 3723 645 3790 nullo
668 3729 809 3806 tempore
832 3721 985 3787 adversos
1017 3719 1181 3787 Ecclesiam
1206 3737 1296 3804 prae·
1325 3733 1400 3834 ¹¹⁸⁸&
1415 3737 1448 3791 ic,

142 4047 150 4079 ¹
170 4049 280 4113 Vulgata
298 4044 379 4100 babet
398 4042 584 4100 lodrbnlr'ouru.
604 4045 632 4097 ln
651 4041 735 4098 nucu.
754 4043 775 4096 b
794 4045 810 4096 8
831 4042 927 4108 legitor
946 4041 1016 4094 idem
1030 4047 1113 4095 textus
1139 4041 1163 4093 in
1184 4039 1298 4096 contan-

80 4139 148 4196 clico.
163 4136 201 4192 Gt
219 4137 254 4189 nd
274 4139 332 4200 boc,
350 4148 420 4203 quae
439 4133 564 4188 dicuntur
583 4134 608 4186 in
628 4129 743 4188 nomae
761 4133 782 4184 0
802 4133 833 4183 ti:
854 4133 897 4184 Est
923 4131 1032 4184 alterum
1061 4127 1232 4184 revelationis
1255 4143 1298 4194 ge·

80 4243 131 4292 uos,
147 4241 211 4296 quiae
231 4238 283 4278 nou
302 4222 465 4289 lmposlurls,
483 4222 530 4276 scd
549 4220 639 4276 dictiue
657 4219 776 4290 adflante
787 4219 895 4289 spiritu,
909 4233 960 4272 non
980 4220 1077 4285 passim
1091 4216 1224 4278 omnibus,
1251 4219 1297 4272 sed

82 4319 145 4384 rans,
161 4315 205 4369 sed
226 4313 354 4380 purgatis,
372 4313 419 4366 seo
439 4311 610 4366 homilibus...
631 4307 763 4363 mentibus
781 4309 935 4375 contingit..
963 4308 1005 4361 Slc
1031 4305 1194 4368 Ambrosius,
1218 4307 1299 4360 llnrli-

84 4421 133 4470 nos,
148 4405 305 4469 lraoelscos,
325 4401 467 4472 llrv'gitto„
487 4403 537 4454 boc
557 4399 596 4453 osl
615 4405 685 4454 sunt.
707 4398 851 4450 -Eodem
870 4397 955 4463 capite
969 4397 994 4448 ll.
1007 4397 1117 4461 explicat
1134 4395 1236 4448 criteria
1256 4409 1297 4447 vc·

84 4509 160 4550 rarum
177 4493 376 4548 revelationum.

1174 4591 1191 4644 5
