<?xml version="1.0" encoding="UTF-8"?>
<!DOCTYPE html PUBLIC "-//W3C//DTD XHTML 1.0 Transitional//EN"
    "http://www.w3.org/TR/xhtml1/DTD/xhtml1-transitional.dtd">
<html xmlns="http://www.w3.org/1999/xhtml" xml:lang="en" lang="en">
 <head>
  <title>
</title>
<meta http-equiv="Content-Type" content="text/html;charset=utf-8" />
  <meta name='ocr-system' content='tesseract 3.04.00' />
  <meta name='ocr-capabilities' content='ocr_page ocr_carea ocr_par ocr_line ocrx_word'/>
</head>
<body>
  <div class='ocr_page' id='page_1' title='image "./confutatioluthe01schmgoog_0262.png"; bbox 0 0 3384 5082; ppageno 0'>
   <div class='ocr_carea' id='block_1_1' title="bbox 325 192 1228 278">
    <p class='ocr_par' dir='ltr' id='par_1_1' title="bbox 325 192 1228 278">
     <span class='ocr_line' id='line_1_1' title="bbox 325 192 1228 278; baseline -0.001 -19"><span class='ocrx_word' id='word_1_1' title='bbox 325 192 390 259; x_wconf 72' lang='lat' dir='ltr'><strong>Edi</strong></span> <span class='ocrx_word' id='word_1_2' title='bbox 639 211 833 262; x_wconf 77' lang='lat' dir='ltr'><strong>consummo</strong></span> <span class='ocrx_word' id='word_1_3' title='bbox 857 212 1087 278; x_wconf 79' lang='lat' dir='ltr'><strong>turuannmsnr</strong></span> <span class='ocrx_word' id='word_1_4' title='bbox 1110 213 1228 260; x_wconf 82' lang='lat' dir='ltr'><strong>nnurcr.</strong></span> 
     </span>
    </p>
   </div>
   <div class='ocr_carea' id='block_1_2' title="bbox 151 336 1671 4259">
    <p class='ocr_par' dir='ltr' id='par_1_2' title="bbox 151 336 1671 4259">
     <span class='ocr_line' id='line_1_2' title="bbox 323 336 1555 422; baseline 0 -18"><span class='ocrx_word' id='word_1_5' title='bbox 323 353 425 422; x_wconf 84' lang='lat' dir='ltr'><strong>usque</strong></span> <span class='ocrx_word' id='word_1_6' title='bbox 447 342 579 404; x_wconf 69' lang='lat' dir='ltr'><strong>aeuum</strong></span> <span class='ocrx_word' id='word_1_7' title='bbox 606 336 636 403; x_wconf 95' lang='lat' dir='ltr'><strong>in</strong></span> <span class='ocrx_word' id='word_1_8' title='bbox 663 336 795 404; x_wconf 81' lang='lat' dir='ltr'>Ecclesia</span> <span class='ocrx_word' id='word_1_9' title='bbox 818 337 971 404; x_wconf 87' lang='lat' dir='ltr'><strong>calbolica</strong></span> <span class='ocrx_word' id='word_1_10' title='bbox 986 337 1030 403; x_wconf 91' lang='lat' dir='ltr'><strong>sic</strong></span> <span class='ocrx_word' id='word_1_11' title='bbox 1053 336 1254 404; x_wconf 86' lang='lat' dir='ltr'><strong>obsecratum</strong></span> <span class='ocrx_word' id='word_1_12' title='bbox 1278 355 1357 416; x_wconf 84' lang='lat' dir='ltr'><strong>esse,</strong></span> <span class='ocrx_word' id='word_1_13' title='bbox 1372 355 1483 404; x_wconf 88' lang='lat' dir='ltr'><strong>omnes</strong></span> <span class='ocrx_word' id='word_1_14' title='bbox 1501 339 1555 404; x_wconf 95' lang='lat' dir='ltr'><strong>bi-</strong></span> 
     </span>
     <span class='ocr_line' id='line_1_3' title="bbox 324 444 1553 530; baseline 0.002 -22"><span class='ocrx_word' id='word_1_15' title='bbox 324 444 438 512; x_wconf 89' lang='lat' dir='ltr'><strong>storiae</strong></span> <span class='ocrx_word' id='word_1_16' title='bbox 472 450 697 510; x_wconf 88' lang='lat' dir='ltr'><strong>contestantur.</strong></span> <span class='ocrx_word' id='word_1_17' title='bbox 722 447 757 510; x_wconf 82' lang='lat' dir='ltr'><strong>tt</strong></span> <span class='ocrx_word' id='word_1_18' title='bbox 780 445 846 510; x_wconf 91' lang='lat' dir='ltr'><strong>solo</strong></span> <span class='ocrx_word' id='word_1_19' title='bbox 870 444 1078 511; x_wconf 76' lang='lat' dir='ltr'><strong>multitudinis</strong></span> <span class='ocrx_word' id='word_1_20' title='bbox 1106 461 1259 512; x_wconf 91' lang='lat' dir='ltr'><strong>consensu</strong></span> <span class='ocrx_word' id='word_1_21' title='bbox 1285 445 1332 511; x_wconf 91' lang='lat' dir='ltr'><strong>vel</strong></span> <span class='ocrx_word' id='word_1_22' title='bbox 1358 445 1553 530; x_wconf 84' lang='lat' dir='ltr'><strong>Episcopum</strong></span> 
     </span>
     <span class='ocr_line' id='line_1_4' title="bbox 324 550 1554 636; baseline 0.002 -20"><span class='ocrx_word' id='word_1_23' title='bbox 324 551 373 618; x_wconf 86' lang='lat' dir='ltr'><strong>vel</strong></span> <span class='ocrx_word' id='word_1_24' title='bbox 395 551 490 618; x_wconf 87' lang='lat' dir='ltr'><strong>alium</strong></span> <span class='ocrx_word' id='word_1_25' title='bbox 514 551 658 636; x_wconf 82' lang='lat' dir='ltr'><strong>quemvis</strong></span> <span class='ocrx_word' id='word_1_26' title='bbox 674 550 864 618; x_wconf 82' lang='lat' dir='ltr'><strong>sacerdotem</strong></span> <span class='ocrx_word' id='word_1_27' title='bbox 890 559 1029 635; x_wconf 88' lang='lat' dir='ltr'><strong>tempore</strong></span> <span class='ocrx_word' id='word_1_28' title='bbox 1053 550 1149 617; x_wconf 89' lang='lat' dir='ltr'><strong>huius</strong></span> <span class='ocrx_word' id='word_1_29' title='bbox 1173 551 1362 636; x_wconf 81' lang='lat' dir='ltr'><strong>novaelegis</strong></span> <span class='ocrx_word' id='word_1_30' title='bbox 1386 551 1415 616; x_wconf 91' lang='lat' dir='ltr'><strong>in</strong></span> <span class='ocrx_word' id='word_1_31' title='bbox 1442 551 1554 618; x_wconf 90' lang='lat' dir='ltr'><strong>Eccle-</strong></span> 
     </span>
     <span class='ocr_line' id='line_1_5' title="bbox 323 657 1557 734; baseline -0.002 -9"><span class='ocrx_word' id='word_1_32' title='bbox 323 657 368 725; x_wconf 89' lang='lat' dir='ltr'><strong>sia</strong></span> <span class='ocrx_word' id='word_1_33' title='bbox 390 657 541 724; x_wconf 85' lang='lat' dir='ltr'><strong>catholica</strong></span> <span class='ocrx_word' id='word_1_34' title='bbox 563 657 767 724; x_wconf 88' lang='lat' dir='ltr'><strong>constitutum</strong></span> <span class='ocrx_word' id='word_1_35' title='bbox 799 675 877 734; x_wconf 89' lang='lat' dir='ltr'><strong>esse,</strong></span> <span class='ocrx_word' id='word_1_36' title='bbox 902 674 958 724; x_wconf 89' lang='lat' dir='ltr'><strong>neo</strong></span> <span class='ocrx_word' id='word_1_37' title='bbox 980 657 1078 724; x_wconf 89' lang='lat' dir='ltr'><strong>sacris</strong></span> <span class='ocrx_word' id='word_1_38' title='bbox 1102 657 1200 724; x_wconf 92' lang='lat' dir='ltr'><strong>literis</strong></span> <span class='ocrx_word' id='word_1_39' title='bbox 1222 673 1280 724; x_wconf 86' lang='lat' dir='ltr'><strong>uec</strong></span> <span class='ocrx_word' id='word_1_40' title='bbox 1313 657 1381 724; x_wconf 89' lang='lat' dir='ltr'><strong>aliis</strong></span> <span class='ocrx_word' id='word_1_41' title='bbox 1405 657 1557 724; x_wconf 86' lang='lat' dir='ltr'><strong>historiis</strong></span> 
     </span>
     <span class='ocr_line' id='line_1_6' title="bbox 323 763 1551 849; baseline 0.002 -20"><span class='ocrx_word' id='word_1_42' title='bbox 323 781 396 830; x_wconf 87' lang='lat' dir='ltr'><strong>rere</strong></span> <span class='ocrx_word' id='word_1_43' title='bbox 420 764 591 849; x_wconf 90' lang='lat' dir='ltr'><strong>probabitis</strong></span> <span class='ocrx_word' id='word_1_44' title='bbox 614 781 763 849; x_wconf 85' lang='lat' dir='ltr'><strong>unquam.</strong></span> <span class='ocrx_word' id='word_1_45' title='bbox 781 764 856 830; x_wconf 84' lang='lat' dir='ltr'><strong>llam</strong></span> <span class='ocrx_word' id='word_1_46' title='bbox 880 763 963 849; x_wconf 85' lang='lat' dir='ltr'><strong>quod</strong></span> <span class='ocrx_word' id='word_1_47' title='bbox 988 763 1018 830; x_wconf 94' lang='lat' dir='ltr'><strong>in</strong></span> <span class='ocrx_word' id='word_1_48' title='bbox 1043 763 1102 830; x_wconf 89' lang='lat' dir='ltr'><strong>boc</strong></span> <span class='ocrx_word' id='word_1_49' title='bbox 1127 763 1311 849; x_wconf 79' lang='lat' dir='ltr'><strong>magistrum</strong></span> <span class='ocrx_word' id='word_1_50' title='bbox 1337 764 1430 830; x_wconf 88' lang='lat' dir='ltr'><strong>istum</strong></span> <span class='ocrx_word' id='word_1_51' title='bbox 1456 764 1551 831; x_wconf 85' lang='lat' dir='ltr'><strong>loan-</strong></span> 
     </span>
     <span class='ocr_line' id='line_1_7' title="bbox 323 870 1555 955; baseline 0.002 -19"><span class='ocrx_word' id='word_1_52' title='bbox 323 887 393 938; x_wconf 90' lang='lat' dir='ltr'><strong>nem</strong></span> <span class='ocrx_word' id='word_1_53' title='bbox 417 870 519 937; x_wconf 85' lang='lat' dir='ltr'><strong>dicitis</strong></span> <span class='ocrx_word' id='word_1_54' title='bbox 542 871 758 955; x_wconf 70' lang='lat' dir='ltr'><strong>Apostolorum</strong></span> <span class='ocrx_word' id='word_1_55' title='bbox 782 877 924 938; x_wconf 77' lang='lat' dir='ltr'><strong>secunlum</strong></span> <span class='ocrx_word' id='word_1_56' title='bbox 942 887 1009 938; x_wconf 93' lang='lat' dir='ltr'><strong>esse</strong></span> <span class='ocrx_word' id='word_1_57' title='bbox 1031 870 1203 937; x_wconf 89' lang='lat' dir='ltr'><strong>doctrinam</strong></span> <span class='ocrx_word' id='word_1_58' title='bbox 1220 878 1251 937; x_wconf 92' lang='lat' dir='ltr'><strong>et</strong></span> <span class='ocrx_word' id='word_1_59' title='bbox 1275 870 1466 955; x_wconf 82' lang='lat' dir='ltr'><strong>exemplum,</strong></span> <span class='ocrx_word' id='word_1_60' title='bbox 1482 889 1555 938; x_wconf 91' lang='lat' dir='ltr'><strong>cur</strong></span> 
     </span>
     <span class='ocr_line' id='line_1_8' title="bbox 322 977 1551 1062; baseline 0.002 -20"><span class='ocrx_word' id='word_1_61' title='bbox 322 995 382 1043; x_wconf 92' lang='lat' dir='ltr'><strong>non</strong></span> <span class='ocrx_word' id='word_1_62' title='bbox 408 977 553 1062; x_wconf 90' lang='lat' dir='ltr'><strong>prolerlis</strong></span> <span class='ocrx_word' id='word_1_63' title='bbox 575 977 774 1044; x_wconf 75' lang='lat' dir='ltr'><strong>doctrinam?</strong></span> <span class='ocrx_word' id='word_1_64' title='bbox 798 995 855 1044; x_wconf 90' lang='lat' dir='ltr'><strong>cur</strong></span> <span class='ocrx_word' id='word_1_65' title='bbox 885 977 1066 1062; x_wconf 89' lang='lat' dir='ltr'><strong>exemplum</strong></span> <span class='ocrx_word' id='word_1_66' title='bbox 1100 995 1160 1044; x_wconf 91' lang='lat' dir='ltr'><strong>non</strong></span> <span class='ocrx_word' id='word_1_67' title='bbox 1186 977 1346 1044; x_wconf 78' lang='lat' dir='ltr'><strong>rerlutlst</strong></span> <span class='ocrx_word' id='word_1_68' title='bbox 1369 977 1429 1045; x_wconf 89' lang='lat' dir='ltr'><strong>Nos</strong></span> <span class='ocrx_word' id='word_1_69' title='bbox 1459 979 1551 1044; x_wconf 90' lang='lat' dir='ltr'><strong>enim</strong></span> 
     </span>
     <span class='ocr_line' id='line_1_9' title="bbox 322 1081 1554 1170; baseline 0.001 -20"><span class='ocrx_word' id='word_1_70' title='bbox 322 1101 363 1151; x_wconf 82' lang='lat' dir='ltr'><strong>ex</strong></span> <span class='ocrx_word' id='word_1_71' title='bbox 386 1094 523 1170; x_wconf 84' lang='lat' dir='ltr'><strong>utroque</strong></span> <span class='ocrx_word' id='word_1_72' title='bbox 544 1083 704 1151; x_wconf 81' lang='lat' dir='ltr'><strong>diversum</strong></span> <span class='ocrx_word' id='word_1_73' title='bbox 736 1091 861 1151; x_wconf 83' lang='lat' dir='ltr'><strong>olente</strong></span> <span class='ocrx_word' id='word_1_74' title='bbox 890 1083 1083 1152; x_wconf 83' lang='lat' dir='ltr'><strong>ostendimus</strong></span> <span class='ocrx_word' id='word_1_75' title='bbox 1106 1081 1197 1168; x_wconf 67' lang='lat'>(217)</span> <span class='ocrx_word' id='word_1_76' title='bbox 1221 1095 1252 1153; x_wconf 92' lang='lat' dir='ltr'><strong>et</strong></span> <span class='ocrx_word' id='word_1_77' title='bbox 1275 1085 1367 1152; x_wconf 89' lang='lat' dir='ltr'><strong>modo</strong></span> <span class='ocrx_word' id='word_1_78' title='bbox 1397 1086 1554 1170; x_wconf 77' lang='lat' dir='ltr'><strong>repetivi·</strong></span> 
     </span>
     <span class='ocr_line' id='line_1_10' title="bbox 322 1190 1547 1277; baseline 0.001 -21"><span class='ocrx_word' id='word_1_79' title='bbox 322 1209 403 1257; x_wconf 90' lang='lat' dir='ltr'><strong>mns.</strong></span> <span class='ocrx_word' id='word_1_80' title='bbox 428 1194 463 1256; x_wconf 83' lang='lat' dir='ltr'><strong>tt</strong></span> <span class='ocrx_word' id='word_1_81' title='bbox 486 1190 658 1256; x_wconf 89' lang='lat' dir='ltr'><strong>istiusmodi</strong></span> <span class='ocrx_word' id='word_1_82' title='bbox 684 1190 851 1258; x_wconf 90' lang='lat' dir='ltr'><strong>mendaciis</strong></span> <span class='ocrx_word' id='word_1_83' title='bbox 868 1201 971 1258; x_wconf 85' lang='lat' dir='ltr'><strong>vestra</strong></span> <span class='ocrx_word' id='word_1_84' title='bbox 994 1199 1114 1258; x_wconf 90' lang='lat' dir='ltr'><strong>scatent</strong></span> <span class='ocrx_word' id='word_1_85' title='bbox 1129 1193 1243 1258; x_wconf 92' lang='lat' dir='ltr'><strong>omnia.</strong></span> <span class='ocrx_word' id='word_1_86' title='bbox 1261 1191 1391 1258; x_wconf 87' lang='lat' dir='ltr'><strong>blatbias</strong></span> <span class='ocrx_word' id='word_1_87' title='bbox 1414 1191 1547 1277; x_wconf 88' lang='lat' dir='ltr'><strong>quidem</strong></span> 
     </span>
     <span class='ocr_line' id='line_1_11' title="bbox 321 1297 1551 1382; baseline 0 -18"><span class='ocrx_word' id='word_1_88' title='bbox 321 1317 382 1364; x_wconf 93' lang='lat' dir='ltr'><strong>non</strong></span> <span class='ocrx_word' id='word_1_89' title='bbox 407 1297 504 1364; x_wconf 92' lang='lat' dir='ltr'><strong>solius</strong></span> <span class='ocrx_word' id='word_1_90' title='bbox 520 1297 618 1382; x_wconf 87' lang='lat' dir='ltr'><strong>plebis</strong></span> <span class='ocrx_word' id='word_1_91' title='bbox 641 1315 781 1376; x_wconf 89' lang='lat' dir='ltr'><strong>assensn,</strong></span> <span class='ocrx_word' id='word_1_92' title='bbox 805 1315 915 1364; x_wconf 87' lang='lat' dir='ltr'><strong>rerum</strong></span> <span class='ocrx_word' id='word_1_93' title='bbox 939 1298 1126 1365; x_wconf 85' lang='lat' dir='ltr'><strong>auctoritate</strong></span> <span class='ocrx_word' id='word_1_94' title='bbox 1149 1298 1288 1376; x_wconf 80' lang='lat' dir='ltr'><strong>Consilii,</strong></span> <span class='ocrx_word' id='word_1_95' title='bbox 1312 1305 1462 1364; x_wconf 88' lang='lat' dir='ltr'><strong>ettotam</strong></span> <span class='ocrx_word' id='word_1_96' title='bbox 1486 1298 1551 1365; x_wconf 88' lang='lat' dir='ltr'><strong>Ec-</strong></span> 
     </span>
     <span class='ocr_line' id='line_1_12' title="bbox 321 1403 1551 1490; baseline 0.001 -19"><span class='ocrx_word' id='word_1_97' title='bbox 321 1405 446 1472; x_wconf 86' lang='lat' dir='ltr'><strong>clesiam</strong></span> <span class='ocrx_word' id='word_1_98' title='bbox 471 1403 643 1483; x_wconf 77' lang='lat' dir='ltr'><strong>referentis,</strong></span> <span class='ocrx_word' id='word_1_99' title='bbox 664 1413 694 1471; x_wconf 88' lang='lat' dir='ltr'><strong>et</strong></span> <span class='ocrx_word' id='word_1_100' title='bbox 719 1405 768 1471; x_wconf 86' lang='lat' dir='ltr'><strong>eui</strong></span> <span class='ocrx_word' id='word_1_101' title='bbox 794 1422 938 1471; x_wconf 90' lang='lat' dir='ltr'><strong>summus</strong></span> <span class='ocrx_word' id='word_1_102' title='bbox 962 1404 1102 1471; x_wconf 81' lang='lat' dir='ltr'><strong>Pontifex</strong></span> <span class='ocrx_word' id='word_1_103' title='bbox 1127 1405 1237 1472; x_wconf 82' lang='lat' dir='ltr'><strong>Petrus</strong></span> <span class='ocrx_word' id='word_1_104' title='bbox 1260 1415 1414 1490; x_wconf 86' lang='lat' dir='ltr'><strong>praeerat,</strong></span> <span class='ocrx_word' id='word_1_105' title='bbox 1438 1413 1469 1472; x_wconf 91' lang='lat' dir='ltr'><strong>el</strong></span> <span class='ocrx_word' id='word_1_106' title='bbox 1492 1423 1551 1472; x_wconf 91' lang='lat' dir='ltr'><strong>re-</strong></span> 
     </span>
     <span class='ocr_line' id='line_1_13' title="bbox 322 1510 1554 1596; baseline 0.002 -20"><span class='ocrx_word' id='word_1_107' title='bbox 322 1511 397 1596; x_wconf 85' lang='lat' dir='ltr'><strong>liqui</strong></span> <span class='ocrx_word' id='word_1_108' title='bbox 421 1528 530 1578; x_wconf 91' lang='lat' dir='ltr'><strong>omues</strong></span> <span class='ocrx_word' id='word_1_109' title='bbox 564 1511 697 1595; x_wconf 75' lang='lat' dir='ltr'><strong>Apostoli</strong></span> <span class='ocrx_word' id='word_1_110' title='bbox 734 1511 794 1577; x_wconf 87' lang='lat' dir='ltr'><strong>iam</strong></span> <span class='ocrx_word' id='word_1_111' title='bbox 820 1510 958 1596; x_wconf 93' lang='lat' dir='ltr'><strong>Episcopi</strong></span> <span class='ocrx_word' id='word_1_112' title='bbox 994 1510 1178 1588; x_wconf 81' lang='lat' dir='ltr'><strong>intererant,</strong></span> <span class='ocrx_word' id='word_1_113' title='bbox 1201 1511 1330 1589; x_wconf 87' lang='lat' dir='ltr'><strong>electus,</strong></span> <span class='ocrx_word' id='word_1_114' title='bbox 1361 1512 1481 1578; x_wconf 87' lang='lat' dir='ltr'><strong>accitus</strong></span> <span class='ocrx_word' id='word_1_115' title='bbox 1512 1521 1554 1579; x_wconf 89' lang='lat' dir='ltr'><strong>et</strong></span> 
     </span>
     <span class='ocr_line' id='line_1_14' title="bbox 320 1617 1552 1702; baseline 0.001 -19"><span class='ocrx_word' id='word_1_116' title='bbox 320 1617 482 1684; x_wconf 90' lang='lat' dir='ltr'><strong>ordinatus</strong></span> <span class='ocrx_word' id='word_1_117' title='bbox 505 1623 553 1684; x_wconf 91' lang='lat' dir='ltr'><strong>est</strong></span> <span class='ocrx_word' id='word_1_118' title='bbox 576 1617 606 1683; x_wconf 94' lang='lat' dir='ltr'><strong>in</strong></span> <span class='ocrx_word' id='word_1_119' title='bbox 630 1617 819 1702; x_wconf 79' lang='lat' dir='ltr'><strong>Apostolum.</strong></span> <span class='ocrx_word' id='word_1_120' title='bbox 843 1619 879 1682; x_wconf 81' lang='lat' dir='ltr'><strong>tt</strong></span> <span class='ocrx_word' id='word_1_121' title='bbox 902 1634 961 1683; x_wconf 92' lang='lat' dir='ltr'><strong>non</strong></span> <span class='ocrx_word' id='word_1_122' title='bbox 986 1617 1020 1684; x_wconf 86' lang='lat' dir='ltr'><strong>fit</strong></span> <span class='ocrx_word' id='word_1_123' title='bbox 1045 1617 1095 1683; x_wconf 93' lang='lat' dir='ltr'><strong>bic</strong></span> <span class='ocrx_word' id='word_1_124' title='bbox 1120 1617 1236 1684; x_wconf 89' lang='lat' dir='ltr'><strong>mentio</strong></span> <span class='ocrx_word' id='word_1_125' title='bbox 1260 1617 1316 1692; x_wconf 71' lang='lat' dir='ltr'><strong>uel¹</strong></span> <span class='ocrx_word' id='word_1_126' title='bbox 1338 1617 1552 1702; x_wconf 81' lang='lat' dir='ltr'><strong>impositionis</strong></span> 
     </span>
     <span class='ocr_line' id='line_1_15' title="bbox 323 1723 1553 1809; baseline 0.001 -20"><span class='ocrx_word' id='word_1_127' title='bbox 323 1742 473 1791; x_wconf 90' lang='lat' dir='ltr'><strong>manuum</strong></span> <span class='ocrx_word' id='word_1_128' title='bbox 499 1725 546 1790; x_wconf 88' lang='lat' dir='ltr'><strong>vel</strong></span> <span class='ocrx_word' id='word_1_129' title='bbox 567 1723 700 1790; x_wconf 88' lang='lat' dir='ltr'><strong>aliarum</strong></span> <span class='ocrx_word' id='word_1_130' title='bbox 716 1723 928 1808; x_wconf 78' lang='lat' dir='ltr'><strong>quarumlibet</strong></span> <span class='ocrx_word' id='word_1_131' title='bbox 945 1723 1204 1802; x_wconf 80' lang='lat' dir='ltr'><strong>ceremoniarum,</strong></span> <span class='ocrx_word' id='word_1_132' title='bbox 1228 1723 1318 1809; x_wconf 82' lang='lat' dir='ltr'><strong>quod</strong></span> <span class='ocrx_word' id='word_1_133' title='bbox 1336 1730 1385 1806; x_wconf 91' lang='lat' dir='ltr'><strong>(nt</strong></span> <span class='ocrx_word' id='word_1_134' title='bbox 1408 1725 1553 1790; x_wconf 89' lang='lat' dir='ltr'><strong>articulo</strong></span> 
     </span>
     <span class='ocr_line' id='line_1_16' title="bbox 323 1829 1548 1916; baseline 0.002 -20"><span class='ocrx_word' id='word_1_135' title='bbox 323 1829 393 1897; x_wconf 91' lang='lat' dir='ltr'><strong>lllll.</strong></span> <span class='ocrx_word' id='word_1_136' title='bbox 412 1835 421 1871; x_wconf 88' lang='lat'><strong>¹</strong></span> <span class='ocrx_word' id='word_1_137' title='bbox 447 1831 598 1910; x_wconf 84' lang='lat' dir='ltr'><strong>diximus)</strong></span> <span class='ocrx_word' id='word_1_138' title='bbox 622 1830 760 1897; x_wconf 91' lang='lat' dir='ltr'><strong>noudum</strong></span> <span class='ocrx_word' id='word_1_139' title='bbox 784 1831 899 1902; x_wconf 90' lang='lat' dir='ltr'><strong>missus</strong></span> <span class='ocrx_word' id='word_1_140' title='bbox 921 1830 1024 1896; x_wconf 87' lang='lat' dir='ltr'><strong>luerat</strong></span> <span class='ocrx_word' id='word_1_141' title='bbox 1047 1830 1177 1916; x_wconf 90' lang='lat' dir='ltr'><strong>spiritus</strong></span> <span class='ocrx_word' id='word_1_142' title='bbox 1199 1838 1337 1909; x_wconf 85' lang='lat' dir='ltr'><strong>sanctus,</strong></span> <span class='ocrx_word' id='word_1_143' title='bbox 1356 1831 1411 1916; x_wconf 88' lang='lat' dir='ltr'><strong>qui</strong></span> <span class='ocrx_word' id='word_1_144' title='bbox 1437 1839 1548 1916; x_wconf 83' lang='lat' dir='ltr'><strong>postea</strong></span> 
     </span>
     <span class='ocr_line' id='line_1_17' title="bbox 321 1936 1548 2022; baseline -0.001 -18"><span class='ocrx_word' id='word_1_145' title='bbox 321 1945 588 2004; x_wconf 86' lang='lat' dir='ltr'><strong>sacramentorum</strong></span> <span class='ocrx_word' id='word_1_146' title='bbox 613 1936 752 2004; x_wconf 91' lang='lat' dir='ltr'><strong>omnium</strong></span> <span class='ocrx_word' id='word_1_147' title='bbox 788 1936 979 2003; x_wconf 87' lang='lat' dir='ltr'><strong>ceremonias</strong></span> <span class='ocrx_word' id='word_1_148' title='bbox 1002 1937 1162 2022; x_wconf 78' lang='lat' dir='ltr'><strong>Apostolos</strong></span> <span class='ocrx_word' id='word_1_149' title='bbox 1192 1937 1376 2004; x_wconf 85' lang='lat' dir='ltr'><strong>docuit-</strong></span> <span class='ocrx_word' id='word_1_150' title='bbox 1401 1937 1548 2016; x_wconf 81' lang='lat' dir='ltr'><strong>Proinde,</strong></span> 
     </span>
     <span class='ocr_line' id='line_1_18' title="bbox 320 2043 1550 2129; baseline 0.001 -19"><span class='ocrx_word' id='word_1_151' title='bbox 320 2045 466 2129; x_wconf 84' lang='lat' dir='ltr'><strong>quoniam</strong></span> <span class='ocrx_word' id='word_1_152' title='bbox 492 2045 542 2110; x_wconf 87' lang='lat' dir='ltr'><strong>bic</strong></span> <span class='ocrx_word' id='word_1_153' title='bbox 565 2052 596 2111; x_wconf 91' lang='lat' dir='ltr'><strong>et</strong></span> <span class='ocrx_word' id='word_1_154' title='bbox 619 2043 824 2129; x_wconf 85' lang='lat' dir='ltr'><strong>impositionis</strong></span> <span class='ocrx_word' id='word_1_155' title='bbox 848 2061 997 2109; x_wconf 85' lang='lat' dir='ltr'><strong>rrranuunr</strong></span> <span class='ocrx_word' id='word_1_156' title='bbox 1023 2050 1054 2110; x_wconf 93' lang='lat' dir='ltr'><strong>et</strong></span> <span class='ocrx_word' id='word_1_157' title='bbox 1076 2043 1226 2110; x_wconf 82' lang='lat' dir='ltr'><strong>orationis</strong></span> <span class='ocrx_word' id='word_1_158' title='bbox 1252 2043 1290 2110; x_wconf 88' lang='lat' dir='ltr'><strong>ad</strong></span> <span class='ocrx_word' id='word_1_159' title='bbox 1316 2045 1415 2111; x_wconf 85' lang='lat' dir='ltr'><strong>Deum</strong></span> <span class='ocrx_word' id='word_1_160' title='bbox 1445 2043 1550 2111; x_wconf 87' lang='lat' dir='ltr'><strong>sactae</strong></span> 
     </span>
     <span class='ocr_line' id='line_1_19' title="bbox 151 2149 1548 2235; baseline 0 -19"><span class='ocrx_word' id='word_1_161' title='bbox 151 2165 199 2208; x_wconf 77' lang='lat' dir='ltr'><strong>tet·</strong></span> <span class='ocrx_word' id='word_1_162' title='bbox 209 2157 270 2215; x_wconf 62' lang='lat'>1³2²·</span> <span class='ocrx_word' id='word_1_163' title='bbox 280 2158 301 2202; x_wconf 87' lang='lat'><strong>³·</strong></span> <span class='ocrx_word' id='word_1_164' title='bbox 321 2151 514 2229; x_wconf 86' lang='lat' dir='ltr'><strong>meministis,</strong></span> <span class='ocrx_word' id='word_1_165' title='bbox 538 2150 718 2235; x_wconf 86' lang='lat' dir='ltr'><strong>exemplum</strong></span> <span class='ocrx_word' id='word_1_166' title='bbox 741 2149 944 2217; x_wconf 82' lang='lat' dir='ltr'><strong>ordinationis</strong></span> <span class='ocrx_word' id='word_1_167' title='bbox 969 2150 1053 2216; x_wconf 86' lang='lat' dir='ltr'><strong>Pauli</strong></span> <span class='ocrx_word' id='word_1_168' title='bbox 1076 2159 1108 2217; x_wconf 92' lang='lat' dir='ltr'><strong>et</strong></span> <span class='ocrx_word' id='word_1_169' title='bbox 1131 2149 1288 2217; x_wconf 83' lang='lat' dir='ltr'><strong>Barrnabae</strong></span> <span class='ocrx_word' id='word_1_170' title='bbox 1313 2169 1369 2235; x_wconf 90' lang='lat' dir='ltr'><strong>pro</strong></span> <span class='ocrx_word' id='word_1_171' title='bbox 1387 2151 1476 2218; x_wconf 88' lang='lat' dir='ltr'><strong>robis</strong></span> <span class='ocrx_word' id='word_1_172' title='bbox 1499 2150 1548 2216; x_wconf 89' lang='lat' dir='ltr'><strong>la-</strong></span> 
     </span>
     <span class='ocr_line' id='line_1_20' title="bbox 320 2255 1550 2336; baseline -0.002 -12"><span class='ocrx_word' id='word_1_173' title='bbox 320 2275 401 2336; x_wconf 91' lang='lat' dir='ltr'><strong>cere,</strong></span> <span class='ocrx_word' id='word_1_174' title='bbox 426 2257 455 2323; x_wconf 93' lang='lat' dir='ltr'><strong>ni</strong></span> <span class='ocrx_word' id='word_1_175' title='bbox 480 2257 581 2334; x_wconf 82' lang='lat' dir='ltr'><strong>lallor,</strong></span> <span class='ocrx_word' id='word_1_176' title='bbox 604 2256 809 2323; x_wconf 87' lang='lat' dir='ltr'><strong>arbitramini.</strong></span> <span class='ocrx_word' id='word_1_177' title='bbox 834 2259 869 2322; x_wconf 78' lang='lat' dir='ltr'><strong>tl</strong></span> <span class='ocrx_word' id='word_1_178' title='bbox 893 2257 969 2323; x_wconf 89' lang='lat' dir='ltr'><strong>nihil</strong></span> <span class='ocrx_word' id='word_1_179' title='bbox 995 2255 1099 2322; x_wconf 91' lang='lat' dir='ltr'><strong>minus</strong></span> <span class='ocrx_word' id='word_1_180' title='bbox 1121 2255 1233 2335; x_wconf 82' lang='lat' dir='ltr'><strong>faeere,</strong></span> <span class='ocrx_word' id='word_1_181' title='bbox 1250 2257 1389 2324; x_wconf 81' lang='lat' dir='ltr'><strong>breviter</strong></span> <span class='ocrx_word' id='word_1_182' title='bbox 1410 2275 1466 2324; x_wconf 89' lang='lat' dir='ltr'><strong>vos</strong></span> <span class='ocrx_word' id='word_1_183' title='bbox 1487 2257 1550 2324; x_wconf 90' lang='lat' dir='ltr'><strong>do-</strong></span> 
     </span>
     <span class='ocr_line' id='line_1_21' title="bbox 319 2354 1546 2448; baseline -0.003 -16"><span class='ocrx_word' id='word_1_184' title='bbox 319 2365 405 2432; x_wconf 82' lang='lat' dir='ltr'><strong>cebo</strong></span> <span class='ocrx_word' id='word_1_185' title='bbox 430 2364 503 2428; x_wconf 83' lang='lat' dir='ltr'><strong>Nam</strong></span> <span class='ocrx_word' id='word_1_186' title='bbox 528 2363 584 2430; x_wconf 91' lang='lat' dir='ltr'><strong>etsi</strong></span> <span class='ocrx_word' id='word_1_187' title='bbox 610 2381 670 2430; x_wconf 94' lang='lat' dir='ltr'><strong>non</strong></span> <span class='ocrx_word' id='word_1_188' title='bbox 695 2363 769 2428; x_wconf 89' lang='lat' dir='ltr'><strong>satis</strong></span> <span class='ocrx_word' id='word_1_189' title='bbox 794 2363 843 2429; x_wconf 87' lang='lat' dir='ltr'><strong>bie</strong></span> <span class='ocrx_word' id='word_1_190' title='bbox 868 2363 948 2430; x_wconf 93' lang='lat' dir='ltr'><strong>inter</strong></span> <span class='ocrx_word' id='word_1_191' title='bbox 972 2381 1077 2430; x_wconf 86' lang='lat' dir='ltr'><strong>sacros</strong></span> <span class='ocrx_word' id='word_1_192' title='bbox 1100 2362 1222 2429; x_wconf 87' lang='lat' dir='ltr'><strong>divinae</strong></span> <span class='ocrx_word' id='word_1_193' title='bbox 1244 2354 1420 2448; x_wconf 84' lang='lat' dir='ltr'><strong>scripturae</strong></span> <span class='ocrx_word' id='word_1_194' title='bbox 1445 2364 1546 2430; x_wconf 89' lang='lat' dir='ltr'><strong>inter-</strong></span> 
     </span>
     <span class='ocr_line' id='line_1_22' title="bbox 320 2468 1543 2556; baseline -0.002 -20"><span class='ocrx_word' id='word_1_195' title='bbox 320 2479 423 2556; x_wconf 89' lang='lat' dir='ltr'><strong>pretes</strong></span> <span class='ocrx_word' id='word_1_196' title='bbox 446 2470 599 2548; x_wconf 87' lang='lat' dir='ltr'><strong>convenit,</strong></span> <span class='ocrx_word' id='word_1_197' title='bbox 624 2488 687 2554; x_wconf 85' lang='lat' dir='ltr'><strong>quo</strong></span> <span class='ocrx_word' id='word_1_198' title='bbox 711 2477 861 2554; x_wconf 81' lang='lat' dir='ltr'><strong>tempure,</strong></span> <span class='ocrx_word' id='word_1_199' title='bbox 885 2489 948 2555; x_wconf 84' lang='lat' dir='ltr'><strong>quo</strong></span> <span class='ocrx_word' id='word_1_200' title='bbox 979 2469 1046 2536; x_wconf 88' lang='lat' dir='ltr'><strong>loco</strong></span> <span class='ocrx_word' id='word_1_201' title='bbox 1069 2478 1100 2536; x_wconf 92' lang='lat' dir='ltr'><strong>et</strong></span> <span class='ocrx_word' id='word_1_202' title='bbox 1130 2469 1247 2554; x_wconf 89' lang='lat' dir='ltr'><strong>quibus</strong></span> <span class='ocrx_word' id='word_1_203' title='bbox 1275 2468 1412 2554; x_wconf 89' lang='lat' dir='ltr'><strong>primum</strong></span> <span class='ocrx_word' id='word_1_204' title='bbox 1439 2469 1543 2536; x_wconf 93' lang='lat' dir='ltr'><strong>bomi-</strong></span> 
     </span>
     <span class='ocr_line' id='line_1_23' title="bbox 320 2575 1547 2662; baseline 0 -20"><span class='ocrx_word' id='word_1_205' title='bbox 320 2577 412 2642; x_wconf 92' lang='lat' dir='ltr'><strong>nibus</strong></span> <span class='ocrx_word' id='word_1_206' title='bbox 436 2577 466 2642; x_wconf 91' lang='lat' dir='ltr'><strong>in</strong></span> <span class='ocrx_word' id='word_1_207' title='bbox 490 2576 649 2661; x_wconf 73' lang='lat' dir='ltr'><strong>apostolos</strong></span> <span class='ocrx_word' id='word_1_208' title='bbox 672 2575 804 2642; x_wconf 84' lang='lat' dir='ltr'><strong>ordinati</strong></span> <span class='ocrx_word' id='word_1_209' title='bbox 829 2576 901 2653; x_wconf 91' lang='lat' dir='ltr'><strong>sint,</strong></span> <span class='ocrx_word' id='word_1_210' title='bbox 929 2576 1043 2662; x_wconf 87' lang='lat' dir='ltr'><strong>alioqui</strong></span> <span class='ocrx_word' id='word_1_211' title='bbox 1069 2576 1129 2642; x_wconf 88' lang='lat' dir='ltr'><strong>iam</strong></span> <span class='ocrx_word' id='word_1_212' title='bbox 1156 2575 1245 2660; x_wconf 89' lang='lat' dir='ltr'><strong>prius</strong></span> <span class='ocrx_word' id='word_1_213' title='bbox 1264 2575 1302 2642; x_wconf 90' lang='lat' dir='ltr'><strong>ad</strong></span> <span class='ocrx_word' id='word_1_214' title='bbox 1327 2589 1445 2642; x_wconf 80' lang='lat' dir='ltr'><strong>unimus</strong></span> <span class='ocrx_word' id='word_1_215' title='bbox 1468 2579 1547 2661; x_wconf 72' lang='lat' dir='ltr'><strong>¹ipo</strong></span> 
     </span>
     <span class='ocr_line' id='line_1_24' title="bbox 319 2681 1550 2768; baseline -0.001 -18"><span class='ocrx_word' id='word_1_216' title='bbox 319 2683 461 2750; x_wconf 87' lang='lat' dir='ltr'><strong>stolicum</strong></span> <span class='ocrx_word' id='word_1_217' title='bbox 486 2683 573 2749; x_wconf 86' lang='lat' dir='ltr'><strong>electi</strong></span> <span class='ocrx_word' id='word_1_218' title='bbox 598 2690 629 2749; x_wconf 88' lang='lat' dir='ltr'><strong>el</strong></span> <span class='ocrx_word' id='word_1_219' title='bbox 652 2683 802 2767; x_wconf 88' lang='lat' dir='ltr'><strong>assumpti</strong></span> <span class='ocrx_word' id='word_1_220' title='bbox 827 2683 974 2766; x_wconf 85' lang='lat' dir='ltr'><strong>aspicito</strong></span> <span class='ocrx_word' id='word_1_221' title='bbox 997 2682 1184 2768; x_wconf 72' lang='lat' dir='ltr'><strong>sanctuarii</strong></span> <span class='ocrx_word' id='word_1_222' title='bbox 1209 2681 1359 2768; x_wconf 84' lang='lat' dir='ltr'><strong>singulari</strong></span> <span class='ocrx_word' id='word_1_223' title='bbox 1377 2681 1550 2768; x_wconf 84' lang='lat' dir='ltr'><strong>privilegio</strong></span> 
     </span>
     <span class='ocr_line' id='line_1_25' title="bbox 320 2789 1546 2874; baseline 0.002 -20"><span class='ocrx_word' id='word_1_224' title='bbox 320 2790 457 2856; x_wconf 92' lang='lat' dir='ltr'><strong>inomni</strong></span> <span class='ocrx_word' id='word_1_225' title='bbox 492 2807 525 2855; x_wconf 93' lang='lat' dir='ltr'><strong>re</strong></span> <span class='ocrx_word' id='word_1_226' title='bbox 560 2789 713 2856; x_wconf 88' lang='lat' dir='ltr'><strong>secundae</strong></span> <span class='ocrx_word' id='word_1_227' title='bbox 748 2806 859 2856; x_wconf 88' lang='lat' dir='ltr'><strong>causae</strong></span> <span class='ocrx_word' id='word_1_228' title='bbox 884 2789 980 2854; x_wconf 88' lang='lat' dir='ltr'><strong>vicem</strong></span> <span class='ocrx_word' id='word_1_229' title='bbox 1006 2789 1155 2874; x_wconf 90' lang='lat' dir='ltr'><strong>supplere</strong></span> <span class='ocrx_word' id='word_1_230' title='bbox 1186 2796 1303 2873; x_wconf 82' lang='lat' dir='ltr'><strong>potest3</strong></span> <span class='ocrx_word' id='word_1_231' title='bbox 1329 2825 1370 2835; x_wconf 93' lang='lat'><em>-</em></span> <span class='ocrx_word' id='word_1_232' title='bbox 1401 2794 1434 2854; x_wconf 84' lang='lat' dir='ltr'><strong>at</strong></span> <span class='ocrx_word' id='word_1_233' title='bbox 1464 2808 1546 2874; x_wconf 88' lang='lat' dir='ltr'><strong>pau-</strong></span> 
     </span>
     <span class='ocr_line' id='line_1_26' title="bbox 319 2893 1548 2982; baseline 0.001 -21"><span class='ocrx_word' id='word_1_234' title='bbox 319 2913 427 2962; x_wconf 86' lang='lat' dir='ltr'><strong>corum</strong></span> <span class='ocrx_word' id='word_1_235' title='bbox 453 2896 613 2982; x_wconf 81' lang='lat' dir='ltr'><strong>privilegia</strong></span> <span class='ocrx_word' id='word_1_236' title='bbox 639 2915 698 2962; x_wconf 91' lang='lat' dir='ltr'><strong>non</strong></span> <span class='ocrx_word' id='word_1_237' title='bbox 723 2895 840 2962; x_wconf 84' lang='lat' dir='ltr'><strong>iaciunt</strong></span> <span class='ocrx_word' id='word_1_238' title='bbox 864 2895 962 2981; x_wconf 83' lang='lat' dir='ltr'><strong>legem</strong></span> <span class='ocrx_word' id='word_1_239' title='bbox 979 2913 1177 2962; x_wconf 84' lang='lat' dir='ltr'><strong>corrtmunem</strong></span> <span class='ocrx_word' id='word_1_240' title='bbox 1194 2919 1256 2960; x_wconf 75' lang='grc' dir='ltr'><strong>-ε</strong></span> <span class='ocrx_word' id='word_1_241' title='bbox 1274 2893 1349 2961; x_wconf 93' lang='lat' dir='ltr'><strong>nibil</strong></span> <span class='ocrx_word' id='word_1_242' title='bbox 1367 2903 1471 2962; x_wconf 79' lang='lat' dir='ltr'><strong>tannen</strong></span> <span class='ocrx_word' id='word_1_243' title='bbox 1490 2895 1548 2962; x_wconf 87' lang='lat' dir='ltr'><strong>bic</strong></span> 
     </span>
     <span class='ocr_line' id='line_1_27' title="bbox 319 3000 1547 3087; baseline 0 -19"><span class='ocrx_word' id='word_1_244' title='bbox 319 3003 406 3070; x_wconf 88' lang='lat' dir='ltr'><strong>lorus</strong></span> <span class='ocrx_word' id='word_1_245' title='bbox 428 3004 527 3069; x_wconf 90' lang='lat' dir='ltr'><strong>errori</strong></span> <span class='ocrx_word' id='word_1_246' title='bbox 555 3010 657 3068; x_wconf 89' lang='lat' dir='ltr'><strong>vestro</strong></span> <span class='ocrx_word' id='word_1_247' title='bbox 681 3002 904 3087; x_wconf 85' lang='lat' dir='ltr'><strong>patrocinatur.</strong></span> <span class='ocrx_word' id='word_1_248' title='bbox 922 3001 1012 3068; x_wconf 90' lang='lat' dir='ltr'><strong>Nulla</strong></span> <span class='ocrx_word' id='word_1_249' title='bbox 1035 3003 1117 3068; x_wconf 93' lang='lat' dir='ltr'><strong>enim</strong></span> <span class='ocrx_word' id='word_1_250' title='bbox 1144 3002 1192 3068; x_wconf 90' lang='lat' dir='ltr'><strong>bic</strong></span> <span class='ocrx_word' id='word_1_251' title='bbox 1217 3000 1333 3068; x_wconf 93' lang='lat' dir='ltr'><strong>mentio</strong></span> <span class='ocrx_word' id='word_1_252' title='bbox 1357 3001 1391 3067; x_wconf 86' lang='lat' dir='ltr'><strong>lit</strong></span> <span class='ocrx_word' id='word_1_253' title='bbox 1407 3001 1446 3068; x_wconf 91' lang='lat' dir='ltr'><strong>de</strong></span> <span class='ocrx_word' id='word_1_254' title='bbox 1467 3019 1547 3068; x_wconf 90' lang='lat' dir='ltr'><strong>cou-</strong></span> 
     </span>
     <span class='ocr_line' id='line_1_28' title="bbox 319 3105 1547 3195; baseline -0.001 -18"><span class='ocrx_word' id='word_1_255' title='bbox 319 3129 411 3177; x_wconf 90' lang='lat' dir='ltr'><strong>seusu</strong></span> <span class='ocrx_word' id='word_1_256' title='bbox 437 3110 535 3195; x_wconf 89' lang='lat' dir='ltr'><strong>plebis</strong></span> <span class='ocrx_word' id='word_1_257' title='bbox 558 3110 606 3176; x_wconf 82' lang='lat' dir='ltr'><strong>rel</strong></span> <span class='ocrx_word' id='word_1_258' title='bbox 630 3108 782 3194; x_wconf 83' lang='lat' dir='ltr'><strong>requisito</strong></span> <span class='ocrx_word' id='word_1_259' title='bbox 806 3110 853 3176; x_wconf 88' lang='lat' dir='ltr'><strong>vel</strong></span> <span class='ocrx_word' id='word_1_260' title='bbox 877 3117 1068 3194; x_wconf 87' lang='lat' dir='ltr'><strong>exspectato,</strong></span> <span class='ocrx_word' id='word_1_261' title='bbox 1093 3114 1125 3174; x_wconf 84' lang='lat' dir='ltr'><strong>at</strong></span> <span class='ocrx_word' id='word_1_262' title='bbox 1151 3105 1348 3174; x_wconf 87' lang='lat' dir='ltr'><strong>solummodo</strong></span> <span class='ocrx_word' id='word_1_263' title='bbox 1372 3108 1547 3193; x_wconf 81' lang='lat' dir='ltr'><strong>propbeta-</strong></span> 
     </span>
     <span class='ocr_line' id='line_1_29' title="bbox 320 3213 1545 3301; baseline 0 -19"><span class='ocrx_word' id='word_1_264' title='bbox 320 3235 390 3283; x_wconf 91' lang='lat' dir='ltr'><strong>rum</strong></span> <span class='ocrx_word' id='word_1_265' title='bbox 414 3225 445 3283; x_wconf 91' lang='lat' dir='ltr'><strong>et</strong></span> <span class='ocrx_word' id='word_1_266' title='bbox 467 3216 642 3292; x_wconf 91' lang='lat' dir='ltr'><strong>doctorum,</strong></span> <span class='ocrx_word' id='word_1_267' title='bbox 665 3234 745 3301; x_wconf 81' lang='lat' dir='ltr'><strong>ortos</strong></span> <span class='ocrx_word' id='word_1_268' title='bbox 761 3214 936 3282; x_wconf 88' lang='lat' dir='ltr'><strong>sacerdotes</strong></span> <span class='ocrx_word' id='word_1_269' title='bbox 959 3215 1056 3281; x_wconf 81' lang='lat' dir='ltr'><strong>luisse</strong></span> <span class='ocrx_word' id='word_1_270' title='bbox 1079 3214 1155 3281; x_wconf 92' lang='lat' dir='ltr'><strong>illud</strong></span> <span class='ocrx_word' id='word_1_271' title='bbox 1179 3215 1263 3282; x_wconf 89' lang='lat' dir='ltr'><strong>clare</strong></span> <span class='ocrx_word' id='word_1_272' title='bbox 1285 3213 1430 3293; x_wconf 84' lang='lat' dir='ltr'><strong>ostendit,</strong></span> <span class='ocrx_word' id='word_1_273' title='bbox 1455 3216 1545 3300; x_wconf 89' lang='lat' dir='ltr'><strong>quod</strong></span> 
     </span>
     <span class='ocr_line' id='line_1_30' title="bbox 321 3319 1550 3406; baseline -0.002 -18"><span class='ocrx_word' id='word_1_274' title='bbox 321 3325 418 3390; x_wconf 81' lang='lat' dir='ltr'><strong>Lucas</strong></span> <span class='ocrx_word' id='word_1_275' title='bbox 433 3323 556 3389; x_wconf 88' lang='lat' dir='ltr'><strong>eosdem</strong></span> <span class='ocrx_word' id='word_1_276' title='bbox 582 3322 654 3388; x_wconf 94' lang='lat' dir='ltr'><strong>inibi</strong></span> <span class='ocrx_word' id='word_1_277' title='bbox 673 3321 892 3399; x_wconf 78' lang='lat' dir='ltr'><strong>sacrificantes,</strong></span> <span class='ocrx_word' id='word_1_278' title='bbox 917 3323 1043 3388; x_wconf 88' lang='lat' dir='ltr'><strong>Erasmo</strong></span> <span class='ocrx_word' id='word_1_279' title='bbox 1059 3322 1242 3406; x_wconf 89' lang='lat' dir='ltr'><strong>interprete,</strong></span> <span class='ocrx_word' id='word_1_280' title='bbox 1266 3319 1425 3388; x_wconf 84' lang='lat' dir='ltr'><strong>describit.</strong></span> <span class='ocrx_word' id='word_1_281' title='bbox 1443 3321 1550 3386; x_wconf 86' lang='lat' dir='ltr'><strong>Porro</strong></span> 
     </span>
     <span class='ocr_line' id='line_1_31' title="bbox 319 3426 1547 3513; baseline -0.002 -17"><span class='ocrx_word' id='word_1_282' title='bbox 319 3447 427 3496; x_wconf 90' lang='lat' dir='ltr'><strong>omnes</strong></span> <span class='ocrx_word' id='word_1_283' title='bbox 450 3435 534 3496; x_wconf 82' lang='lat' dir='ltr'><strong>uerte</strong></span> <span class='ocrx_word' id='word_1_284' title='bbox 557 3429 614 3495; x_wconf 90' lang='lat' dir='ltr'><strong>bos</strong></span> <span class='ocrx_word' id='word_1_285' title='bbox 636 3428 791 3513; x_wconf 87' lang='lat' dir='ltr'><strong>simplices</strong></span> <span class='ocrx_word' id='word_1_286' title='bbox 814 3427 910 3495; x_wconf 89' lang='lat' dir='ltr'><strong>luisse</strong></span> <span class='ocrx_word' id='word_1_287' title='bbox 926 3427 1112 3506; x_wconf 86' lang='lat' dir='ltr'><strong>sacerdotes,</strong></span> <span class='ocrx_word' id='word_1_288' title='bbox 1129 3445 1186 3494; x_wconf 91' lang='lat' dir='ltr'><strong>nec</strong></span> <span class='ocrx_word' id='word_1_289' title='bbox 1202 3445 1243 3493; x_wconf 83' lang='lat' dir='ltr'><strong>ex</strong></span> <span class='ocrx_word' id='word_1_290' title='bbox 1268 3427 1327 3494; x_wconf 90' lang='lat' dir='ltr'><strong>boc</strong></span> <span class='ocrx_word' id='word_1_291' title='bbox 1348 3443 1405 3493; x_wconf 87' lang='lat' dir='ltr'><strong>nec</strong></span> <span class='ocrx_word' id='word_1_292' title='bbox 1420 3443 1462 3492; x_wconf 84' lang='lat' dir='ltr'><strong>ex</strong></span> <span class='ocrx_word' id='word_1_293' title='bbox 1479 3426 1547 3494; x_wconf 87' lang='lat' dir='ltr'><strong>alio</strong></span> 
     </span>
     <span class='ocr_line' id='line_1_32' title="bbox 318 3533 1546 3620; baseline -0.004 -17"><span class='ocrx_word' id='word_1_294' title='bbox 318 3536 492 3620; x_wconf 84' lang='lat' dir='ltr'><strong>scripturae</strong></span> <span class='ocrx_word' id='word_1_295' title='bbox 517 3542 607 3601; x_wconf 86' lang='lat' dir='ltr'><strong>textu</strong></span> <span class='ocrx_word' id='word_1_296' title='bbox 631 3553 704 3602; x_wconf 81' lang='lat' dir='ltr'><strong>tere</strong></span> <span class='ocrx_word' id='word_1_297' title='bbox 727 3535 876 3602; x_wconf 89' lang='lat' dir='ltr'><strong>docebitis</strong></span> <span class='ocrx_word' id='word_1_298' title='bbox 892 3552 1041 3620; x_wconf 78' lang='lat' dir='ltr'><strong>annonam.</strong></span> <span class='ocrx_word' id='word_1_299' title='bbox 1059 3537 1095 3600; x_wconf 80' lang='lat' dir='ltr'><strong>tt</strong></span> <span class='ocrx_word' id='word_1_300' title='bbox 1115 3533 1155 3600; x_wconf 96' lang='lat' dir='ltr'><strong>ob</strong></span> <span class='ocrx_word' id='word_1_301' title='bbox 1178 3533 1238 3600; x_wconf 88' lang='lat' dir='ltr'><strong>alia</strong></span> <span class='ocrx_word' id='word_1_302' title='bbox 1262 3533 1438 3618; x_wconf 88' lang='lat' dir='ltr'><strong>scripturae</strong></span> <span class='ocrx_word' id='word_1_303' title='bbox 1462 3534 1546 3612; x_wconf 88' lang='lat' dir='ltr'><strong>loca,</strong></span> 
     </span>
     <span class='ocr_line' id='line_1_33' title="bbox 318 3639 1543 3727; baseline -0.003 -19"><span class='ocrx_word' id='word_1_304' title='bbox 318 3642 434 3726; x_wconf 80' lang='lat' dir='ltr'><strong>ortibus</strong></span> <span class='ocrx_word' id='word_1_305' title='bbox 457 3661 475 3707; x_wconf 87' lang='lat' dir='ltr'><strong>a</strong></span> <span class='ocrx_word' id='word_1_306' title='bbox 502 3643 575 3708; x_wconf 87' lang='lat' dir='ltr'><strong>solis</strong></span> <span class='ocrx_word' id='word_1_307' title='bbox 612 3641 768 3727; x_wconf 90' lang='lat' dir='ltr'><strong>Episcnpis</strong></span> <span class='ocrx_word' id='word_1_308' title='bbox 803 3642 916 3726; x_wconf 82' lang='lat' dir='ltr'><strong>legitur</strong></span> <span class='ocrx_word' id='word_1_309' title='bbox 950 3639 1110 3708; x_wconf 89' lang='lat' dir='ltr'><strong>ordinatos</strong></span> <span class='ocrx_word' id='word_1_310' title='bbox 1133 3657 1201 3706; x_wconf 88' lang='lat' dir='ltr'><strong>esse</strong></span> <span class='ocrx_word' id='word_1_311' title='bbox 1225 3639 1436 3724; x_wconf 73' lang='lat' dir='ltr'><strong>presbyteros</strong></span> <span class='ocrx_word' id='word_1_312' title='bbox 1462 3639 1543 3705; x_wconf 91' lang='lat' dir='ltr'><strong>mibi</strong></span> 
     </span>
     <span class='ocr_line' id='line_1_34' title="bbox 318 3745 1548 3834; baseline -0.002 -20"><span class='ocrx_word' id='word_1_313' title='bbox 318 3748 443 3834; x_wconf 87' lang='lat' dir='ltr'><strong>quidem</strong></span> <span class='ocrx_word' id='word_1_314' title='bbox 468 3749 502 3814; x_wconf 89' lang='lat' dir='ltr'><strong>lit</strong></span> <span class='ocrx_word' id='word_1_315' title='bbox 526 3747 735 3827; x_wconf 85' lang='lat' dir='ltr'><strong>verisimilius,</strong></span> <span class='ocrx_word' id='word_1_316' title='bbox 760 3747 790 3813; x_wconf 92' lang='lat' dir='ltr'><strong>in</strong></span> <span class='ocrx_word' id='word_1_317' title='bbox 814 3766 876 3833; x_wconf 88' lang='lat' dir='ltr'><strong>qua</strong></span> <span class='ocrx_word' id='word_1_318' title='bbox 899 3747 1052 3813; x_wconf 88' lang='lat' dir='ltr'><strong>sententia</strong></span> <span class='ocrx_word' id='word_1_319' title='bbox 1075 3755 1106 3812; x_wconf 91' lang='lat' dir='ltr'><strong>el</strong></span> <span class='ocrx_word' id='word_1_320' title='bbox 1130 3747 1271 3830; x_wconf 82' lang='lat' dir='ltr'><strong>Lyranus</strong></span> <span class='ocrx_word' id='word_1_321' title='bbox 1294 3754 1351 3824; x_wconf 91' lang='lat' dir='ltr'><strong>est,</strong></span> <span class='ocrx_word' id='word_1_322' title='bbox 1376 3745 1457 3812; x_wconf 90' lang='lat' dir='ltr'><strong>iuter</strong></span> <span class='ocrx_word' id='word_1_323' title='bbox 1482 3746 1548 3812; x_wconf 90' lang='lat' dir='ltr'><strong>bos</strong></span> 
     </span>
     <span class='ocr_line' id='line_1_35' title="bbox 317 3852 1545 3940; baseline -0.001 -20"><span class='ocrx_word' id='word_1_324' title='bbox 317 3873 444 3940; x_wconf 85' lang='lat' dir='ltr'><strong>qlroque</strong></span> <span class='ocrx_word' id='word_1_325' title='bbox 466 3855 585 3940; x_wconf 85' lang='lat' dir='ltr'><strong>aliquot</strong></span> <span class='ocrx_word' id='word_1_326' title='bbox 609 3855 774 3940; x_wconf 86' lang='lat' dir='ltr'><strong>Episcopus</strong></span> <span class='ocrx_word' id='word_1_327' title='bbox 796 3855 901 3921; x_wconf 88' lang='lat' dir='ltr'><strong>luisse.</strong></span> <span class='ocrx_word' id='word_1_328' title='bbox 927 3854 1000 3920; x_wconf 90' lang='lat' dir='ltr'><strong>Nam</strong></span> <span class='ocrx_word' id='word_1_329' title='bbox 1025 3855 1081 3920; x_wconf 90' lang='lat' dir='ltr'><strong>elsi</strong></span> <span class='ocrx_word' id='word_1_330' title='bbox 1114 3853 1240 3938; x_wconf 85' lang='lat' dir='ltr'><strong>quidem</strong></span> <span class='ocrx_word' id='word_1_331' title='bbox 1265 3852 1295 3918; x_wconf 96' lang='lat' dir='ltr'><strong>in</strong></span> <span class='ocrx_word' id='word_1_332' title='bbox 1328 3871 1392 3918; x_wconf 81' lang='lat' dir='ltr'><strong>lina</strong></span> <span class='ocrx_word' id='word_1_333' title='bbox 1414 3852 1545 3919; x_wconf 80' lang='lat' dir='ltr'><strong>civitate</strong></span> 
     </span>
     <span class='ocr_line' id='line_1_36' title="bbox 318 3958 1542 4046; baseline -0.002 -18"><span class='ocrx_word' id='word_1_334' title='bbox 318 3980 402 4029; x_wconf 92' lang='lat' dir='ltr'><strong>unus</strong></span> <span class='ocrx_word' id='word_1_335' title='bbox 425 3971 546 4028; x_wconf 87' lang='lat' dir='ltr'><strong>tontum</strong></span> <span class='ocrx_word' id='word_1_336' title='bbox 570 3971 637 4028; x_wconf 90' lang='lat' dir='ltr'><strong>erat</strong></span> <span class='ocrx_word' id='word_1_337' title='bbox 663 3962 830 4046; x_wconf 88' lang='lat' dir='ltr'><strong>Episcopus</strong></span> <span class='ocrx_word' id='word_1_338' title='bbox 846 3961 885 4027; x_wconf 87' lang='lat' dir='ltr'><strong>ub</strong></span> <span class='ocrx_word' id='word_1_339' title='bbox 902 3960 1131 4044; x_wconf 80' lang='lat' dir='ltr'><strong>Hierosolymis,</strong></span> <span class='ocrx_word' id='word_1_340' title='bbox 1155 3969 1255 4026; x_wconf 86' lang='lat' dir='ltr'><strong>tamen</strong></span> <span class='ocrx_word' id='word_1_341' title='bbox 1280 3960 1330 4026; x_wconf 88' lang='lat' dir='ltr'><strong>vel</strong></span> <span class='ocrx_word' id='word_1_342' title='bbox 1352 3958 1480 4025; x_wconf 91' lang='lat' dir='ltr'><strong>aliunde</strong></span> <span class='ocrx_word' id='word_1_343' title='bbox 1503 3959 1542 4025; x_wconf 89' lang='lat' dir='ltr'><strong>il-</strong></span> 
     </span>
     <span class='ocr_line' id='line_1_37' title="bbox 319 4063 1543 4153; baseline -0.001 -20"><span class='ocrx_word' id='word_1_344' title='bbox 319 4068 369 4134; x_wconf 87' lang='lat' dir='ltr'><strong>luo</strong></span> <span class='ocrx_word' id='word_1_345' title='bbox 393 4067 513 4134; x_wconf 83' lang='lat' dir='ltr'><strong>venisse</strong></span> <span class='ocrx_word' id='word_1_346' title='bbox 531 4075 706 4152; x_wconf 89' lang='lat' dir='ltr'><strong>potuerant,</strong></span> <span class='ocrx_word' id='word_1_347' title='bbox 722 4067 983 4153; x_wconf 85' lang='lat' dir='ltr'><strong>quemadmodum</strong></span> <span class='ocrx_word' id='word_1_348' title='bbox 1003 4065 1158 4132; x_wconf 82' lang='lat' dir='ltr'><strong>Barnabas</strong></span> <span class='ocrx_word' id='word_1_349' title='bbox 1174 4074 1205 4132; x_wconf 92' lang='lat' dir='ltr'><strong>el</strong></span> <span class='ocrx_word' id='word_1_350' title='bbox 1231 4064 1354 4144; x_wconf 68' lang='lat' dir='ltr'><strong>Paulus</strong></span> <span class='ocrx_word' id='word_1_351' title='bbox 1378 4063 1431 4150; x_wconf 86' lang='lat' dir='ltr'><strong>qrri</strong></span> <span class='ocrx_word' id='word_1_352' title='bbox 1457 4065 1543 4132; x_wconf 91' lang='lat' dir='ltr'><strong>inter</strong></span> 
     </span>
     <span class='ocr_line' id='line_1_38' title="bbox 317 4169 1671 4259; baseline -0.001 -19"><span class='ocrx_word' id='word_1_353' title='bbox 317 4192 370 4242; x_wconf 88' lang='lat' dir='ltr'><strong>eos</strong></span> <span class='ocrx_word' id='word_1_354' title='bbox 394 4171 483 4256; x_wconf 85' lang='grc'>(218)</span> <span class='ocrx_word' id='word_1_355' title='bbox 507 4185 801 4240; x_wconf 87' lang='lat' dir='ltr'><strong>commemorantur.</strong></span> <span class='ocrx_word' id='word_1_356' title='bbox 819 4174 947 4251; x_wconf 89' lang='lat' dir='ltr'><strong>Verum,</strong></span> <span class='ocrx_word' id='word_1_357' title='bbox 964 4172 1089 4259; x_wconf 86' lang='lat' dir='ltr'><strong>quando</strong></span> <span class='ocrx_word' id='word_1_358' title='bbox 1113 4183 1175 4238; x_wconf 88' lang='lat' dir='ltr'><strong>tam</strong></span> <span class='ocrx_word' id='word_1_359' title='bbox 1191 4171 1285 4238; x_wconf 80' lang='lat' dir='ltr'><strong>arixie</strong></span> <span class='ocrx_word' id='word_1_360' title='bbox 1303 4169 1400 4238; x_wconf 89' lang='lat' dir='ltr'><strong>rideri</strong></span> <span class='ocrx_word' id='word_1_361' title='bbox 1424 4172 1545 4256; x_wconf 90' lang='lat' dir='ltr'><strong>cupitis</strong></span> <span class='ocrx_word' id='word_1_362' title='bbox 1670 4183 1671 4188; x_wconf 76' lang='grc'>’</span> 
     </span>
    </p>
   </div>
   <div class='ocr_carea' id='block_1_3' title="bbox 389 4405 649 4472">
    <p class='ocr_par' dir='ltr' id='par_1_3' title="bbox 389 4405 649 4472">
     <span class='ocr_line' id='line_1_39' title="bbox 389 4405 649 4472; baseline -0.012 -12"><span class='ocrx_word' id='word_1_363' title='bbox 389 4405 397 4435; x_wconf 90' lang='lat'>¹</span> <span class='ocrx_word' id='word_1_364' title='bbox 419 4409 504 4472; x_wconf 84' lang='lat' dir='ltr'><strong>Supra</strong></span> <span class='ocrx_word' id='word_1_365' title='bbox 527 4405 649 4458; x_wconf 75' lang='lat' dir='ltr'><strong>tes-186.</strong></span> 
     </span>
    </p>
   </div>
   <div class='ocr_carea' id='block_1_4' title="bbox 0 0 1696 5082">
    <p class='ocr_par' dir='ltr' id='par_1_4' title="bbox 0 0 1696 5082">
     <span class='ocr_line' id='line_1_40' title="bbox 0 0 1696 5082; baseline 0 2"><span class='ocrx_word' id='word_1_366' title='bbox 0 0 1696 5082; x_wconf 95' lang='lat' dir='ltr'><strong> </strong></span> 
     </span>
    </p>
   </div>
  </div>
 </body>
</html>
