3390 5096
492 347 621 396 rnnrrus
643 347 848 397 coucnrssus.
1220 329 1282 394 llll

64 479 181 542 nerunt
204 481 300 561 aune
322 479 547 541 consecrarunt
571 471 709 558 Episcopi
725 472 835 552 nostri,
852 471 906 540 sed
920 489 1000 558 qnos
1023 472 1189 540 uniuersae
1203 471 1285 539 mul-

66 579 209 647 titudinis
239 581 305 648 sive
337 578 437 665 plehis
466 595 636 646 consensus
666 577 724 647 sihi
756 578 849 664 elegit
871 585 967 665 atque
997 577 1169 658 sustituit,
1199 579 1286 646 nulla

64 685 190 772 quidem
216 692 369 772 potestate
402 703 421 752 3
444 685 566 772 reliquo
600 685 716 770 populo
738 683 936 765 distantibus
959 693 992 752 at
1013 685 1080 752 solo
1103 684 1286 765 ministerio,

64 809 121 858 usn
146 799 180 859 et
203 791 358 860 exercitio
381 791 488 876 populi
516 807 670 859 consensu
693 791 739 858 eis
760 791 939 870 commisso,
963 790 994 858 in
1018 789 1106 858 rerhi
1129 797 1162 858 et
1183 808 1287 860 sacra·

65 905 244 966 mentorum
276 897 543 966 administratione
571 897 704 984 aliisque
733 897 845 965 ciliciis
866 897 1052 966 exercendis
1077 903 1148 977 etc,
1179 897 1221 964 ita
1251 903 1288 965 nt

63 1021 172 1072 omnes
196 1003 365 1072 Christiani
387 1021 429 1071 ex
452 1021 554 1090 aequo
577 1003 640 1071 sint
661 1002 788 1090 quidem
819 1003 1006 1084 sacerdotes,
1037 1010 1069 1070 at
1095 1002 1197 1071 cilicio
1220 1003 1288 1089 ipsc

66 1111 181 1178 nemini
207 1111 299 1178 liceat
322 1110 379 1190 nti,
401 1110 461 1178 nisi
484 1127 541 1195 per
568 1109 777 1178 multitudinis
807 1127 1005 1189 consensum,
1027 1109 1160 1195 ideoque
1182 1116 1288 1177 exter-

65 1235 139 1284 num
164 1235 203 1285 ac
228 1216 349 1284 visihile
371 1215 578 1284 sacerdotium
602 1234 664 1283 non
688 1215 859 1302 potestatis,
875 1223 907 1282 at
922 1215 1085 1284 ministerii
1110 1216 1150 1284 sit
1165 1232 1288 1286 nomeu.
1368 1251 1372 1266 ·

153 1323 322 1410 Reliquum
346 1329 394 1390 est
417 1323 523 1409 igitur,
546 1329 583 1389 nt
605 1322 682 1391 haec
705 1323 769 1390 duo
792 1322 858 1390 sola
879 1339 974 1409 quarn
999 1322 1193 1390 strictissime
1216 1340 1289 1389 con-

65 1431 218 1510 iniamus,
233 1429 374 1497 docendo
386 1429 402 1462 *
418 1447 540 1516 nempe,
556 1429 615 1498 hoc
632 1429 751 1498 uisihile
773 1446 810 1496 ac
833 1438 1001 1498 externum
1026 1429 1097 1497 novi
1114 1429 1289 1496 testamemi

65 1535 277 1604 sacerdotium
303 1553 364 1602 non
388 1553 430 1603 ex
453 1535 554 1621 plebis
576 1553 742 1615 consensu,
757 1542 790 1602 at
812 1552 853 1603 ex
877 1535 932 1604 Dei
948 1553 1080 1603 munere
1096 1534 1243 1614 derivari,
1259 1541 1291 1602 et

68 1641 249 1710 huiusmodi
273 1641 483 1709 sacerdotium
506 1659 568 1709 non
591 1659 715 1709 merum
738 1658 807 1709 esse
833 1641 1054 1721 ministerium,
1070 1637 1156 1726 (148)
1180 1648 1212 1709 at
1228 1641 1292 1728 spi·

68 1749 213 1817 ritualem
237 1747 396 1834 quandam
419 1754 602 1834 potestatem
631 1747 705 1816 solis
732 1747 867 1834 legitime
897 1747 1049 1816 ordinatis
1079 1749 1292 1816 Ecclesiastico

69 1857 131 1922 ritu
157 1857 189 1924 in
213 1853 391 1924 sacerdotes
407 1854 575 1942 propriam.
593 1855 668 1922 Nam
685 1855 741 1922 etsi
758 1855 848 1940 prius
864 1855 939 1922 illud
964 1855 1040 1922 satis
1063 1855 1124 1922 iam
1148 1861 1292 1922 constare

69 1971 257 2047 poteratur
281 1961 330 2041 iis,
354 1977 436 2047 qnae
458 1960 490 2027 in
514 1961 617 2046 primo
646 1977 816 2047 congressu
846 1959 884 2028 de
909 1960 1047 2048 legitimo
1074 1961 1292 2029 concionatore

69 2069 280 2137 dissernimus
297 2069 321 2147 ¹,
344 2067 607 2154 quemadmodum
632 2066 731 2136 idonei
758 2067 909 2136 Ecclesiae
932 2067 1066 2135 ministri
1089 2087 1108 2134 a
1132 2067 1195 2135 lieo
1209 2067 1292 2154 eligi,

71 2176 187 2254 uocari,
211 2175 368 2261 designari
391 2181 487 2260 atque
509 2174 591 2241 mitti
610 2173 752 2254 deheant,
775 2173 923 2260 quodque
939 2173 959 2240 ii
984 2173 1118 2242 hahendi
1140 2175 1203 2242 sint
1229 2181 1294 2241 tan·

71 2299 167 2367 qnam
189 2299 209 2348 a
232 2281 297 2349 Deo
319 2281 420 2360 electi,
443 2280 555 2360 vocati,
577 2280 728 2367 designati
751 2288 846 2367 atque
862 2281 959 2360 missi,
975 2281 1029 2367 qni
1054 2299 1116 2348 non
1139 2299 1157 2347 a
1181 2287 1294 2348 semet·

73 2387 158 2472 ipsis,
181 2395 214 2454 at
235 2405 256 2454 a
279 2387 463 2472 proceribus
478 2385 708 2466 Ecclesiasticis,
723 2405 803 2473 quos
823 2387 907 2454 Deus
931 2387 1082 2454 Ecclesiae
1105 2405 1181 2454 suae
1204 2405 1294 2472 prae

72 2493 157 2574 lecit,
181 2492 361 2562 huiusmodi
393 2492 600 2562 ministerium
628 2501 834 2579 acceperunt:
867 2501 969 2562 tamen
1001 2503 1037 2562 ut
1060 2493 1112 2561 hic
1134 2493 1294 2580 aliquanto

72 2601 253 2686 plusculum
278 2600 339 2668 illis
361 2599 472 2668 addam
495 2625 556 2679 —;
580 2599 605 2668 si
629 2617 670 2666 ex
686 2600 752 2668 solo
775 2599 875 2685 plebis
897 2618 1051 2668 consensu
1075 2600 1293 2687 Evangelicum

73 2706 224 2792 penderet
239 2706 535 2794 sacerdotiumque
547 2713 614 2774 tum
628 2706 800 2793 Euangelici
817 2706 994 2776 sacerdotes
1008 2727 1027 2774 a
1039 2707 1208 2775 Pharaonis
1220 2706 1295 2774 alic

75 2831 213 2900 rumque
236 2813 400 2900 gentilium
416 2813 630 2882 sacerdotibus
644 2813 814 2893 distabunt,
838 2833 902 2900 quo
917 2814 1073 2893 meliores,
1088 2833 1153 2900 qno
1176 2813 1295 2901 digno

75 2937 125 2987 res
161 2925 279 2987 ernntt
303 2918 461 3005 Siquidem
497 2919 593 3006 legale
615 2919 823 2988 sacerdotium
856 2920 1039 3007 nentiquam
1069 2919 1212 3006 aplebe,
1242 2919 1296 2990 sed

74 3045 92 3092 a
116 3026 180 3094 lieo
203 3025 351 3094 collatum
375 3025 443 3092 luit
468 3025 523 3093 Uhi
556 3025 656 3112 legitis
685 3027 717 3093 in
741 3033 805 3092 toto
828 3026 924 3096 ueteri
951 3033 1135 3094 testamento
1157 3046 1176 3094 3
1207 3026 1297 3112 plebe

75 3133 262 3200 constitutus
285 3131 486 3200 sacerdotes?
507 3133 631 3218 Quanto
646 3133 750 3200 minus
764 3151 840 3220 ergo
863 3133 893 3200 in
918 3150 999 3200 novo
1016 3133 1225 3202 instrumento
1248 3151 1298 3202 sa·

77 3239 219 3306 cerdotes
242 3238 302 3306 hoc
328 3239 579 3324 praestantiores,
602 3257 666 3326 qno
689 3239 741 3306 lex
772 3257 853 3306 noua
877 3247 1013 3308 ueterem
1046 3241 1210 3319 antecedit,
1242 3257 1297 3326 po·

77 3345 141 3430 puli
173 3344 333 3430 suffragiis
363 3345 463 3412 creari
492 3352 647 3432 possuntt
676 3346 783 3414 Nonne
806 3346 939 3432 dpcsloli
971 3353 1002 3413 et
1031 3345 1186 3432 discipuli,
1218 3364 1297 3432 quo

78 3469 148 3520 rum
174 3451 236 3518 illis
261 3451 413 3537 Episcopi,
436 3451 486 3520 his
512 3451 686 3538 presbyteri
717 3471 907 3534 successere,
930 3451 1192 3540 quemadmodum
1215 3452 1297 3520 diri-

80 3577 160 3639 mus‚
182 3577 203 3626 3
224 3559 350 3626 Christo
372 3575 390 3625 o
412 3557 612 3626 multitudine
642 3558 721 3627 citra
744 3559 843 3646 ipsius
865 3577 1026 3627 assensum
1057 3559 1173 3638 selecti,
1198 3558 1296 3626 uocati

77 3683 112 3732 ec
136 3665 272 3734 instituti
296 3672 395 3733 suntt
417 3641 523 3736 Nonne
555 3667 668 3734 Paulus
689 3667 755 3752 ipse
784 3667 900 3734 Galatis
929 3667 996 3734 suis
1025 3664 1166 3734 scribens
1196 3666 1297 3752 palam
1320 3677 1367 3722 tnt-
1382 3677 1402 3730 ¹.
1417 3677 1439 3722 t·

77 3773 200 3852 asserit,
223 3789 257 3840 se
280 3789 383 3858 neque
397 3771 440 3840 ult
463 3770 649 3840 dominicos
665 3793 766 3861 neque
777 3793 839 3859 per
854 3770 1028 3852 hominem,
1043 3773 1100 3840 sed
1111 3793 1173 3859 per
1190 3773 1297 3838 lesum

82 3877 252 3946 Christum
275 3885 304 3945 el
330 3879 432 3946 mum
452 3889 583 3966 putrem
606 3881 785 3966 Apostolum
814 3880 909 3948 luisse
940 3879 1170 3948 constitutum?
1192 3879 1299 3946 Nonne

81 3985 195 4053 Paulus
219 3985 335 4072 legitur
349 3984 426 4053 alios
444 3985 555 4054 deinde
579 3986 741 4054 Pontifices
759 3986 825 4055 sive
846 3985 1052 4075 presbyteros
1073 4005 1132 4072 per
1146 3985 1300 4072 stapulas
1322 3997 1371 4041 tet
1386 3995 1421 4044 n.

82 4091 256 4170 Ecclesiae,
279 4091 397 4178 quibus
411 4083 686 4179 evangelizaverat,
702 4093 910 4172 constituisse,
928 4093 1008 4160 inter
1023 4111 1103 4178 quos
1119 4092 1300 4159 Timotheus

82 4197 298 4284 Ephesiorum,
321 4206 354 4265 et
376 4197 465 4266 Titus
487 4198 681 4266 Cretensium
707 4199 845 4284 Episcopi
876 4199 1027 4266 lueruntt
1051 4199 1157 4266 Nonne
1187 4197 1301 4265 Paulus

143 4331 154 4350 '
175 4329 321 4378 edocendo»
340 4329 414 4378 deut.

155 4537 163 4570 ¹
184 4541 269 4606 Supra
287 4537 379 4592 Ehll.
