3378 5082
528 339 641 386 narnus
664 335 870 388 ooucnnssus.
1271 317 1312 386 53

101 467 171 533 riter
193 465 332 532 omnium
360 463 514 531 scelerum
538 470 633 549 atque
649 462 839 549 llagitiorum
863 462 952 548 eopia
967 469 998 528 et
1014 461 1196 547 impunitae,
1220 460 1314 529 idest

96 573 214 652 sentire,
237 571 352 638 docere
376 588 412 637 ac
434 569 547 648 lacere,
570 568 646 655 quid
669 569 784 654 coique
807 568 942 636 luhitum
966 577 1023 636 est.

180 677 352 746 Istiusmodi
377 685 462 744 certe
485 675 651 755 lrnetihus,
674 675 699 742 si
723 693 760 742 ea
783 683 857 742 sunt
878 675 1040 754 miracula,
1064 685 1204 742 vestrum
1230 673 1314 741 istud

100 784 289 870 Evangelium
315 783 457 870 apprime
477 781 730 860 commendatur;
754 789 786 848 at
809 781 984 849 cuiusmodi
1002 782 1064 848 sint
1080 781 1111 847 hi
1136 781 1261 848 tructus
1282 786 1314 848 et

99 891 173 958 node
207 890 349 976 profecti,
384 890 425 956 ab
459 890 601 974 hpostolo
636 889 731 955 Paulo
765 888 947 974 iampridem
974 888 1158 974 praemoniti
1191 906 1312 956 sumus.

97 998 311 1081 Quamobrem,
334 1003 371 1063 ut
393 996 486 1062 etiam
511 983 591 1062 male
627 995 792 1062 tractarint
815 993 1014 1080 Evangelium
1045 995 1179 1061 maiores
1202 993 1313 1075 nostri,

97 1111 192 1170 tamen
216 1103 323 1169 ridere
346 1121 408 1168 non
434 1119 570 1186 possum,
594 1119 652 1168 eur
675 1101 720 1168 eis
743 1101 875 1168 desertis
899 1102 929 1166 in
962 1108 1064 1168 castre
1088 1108 1192 1168 restra
1215 1099 1314 1186 ingia-

96 1227 162 1276 mus
184 1215 215 1276 et
237 1208 356 1275 relictis
379 1207 512 1274 assuetis
535 1225 616 1274 nova
638 1207 855 1292 suscipiamus.
879 1206 960 1292 Quid
983 1207 1066 1273 enirn
1090 1225 1109 1274 a
1130 1205 1219 1272 vohis
1241 1225 1315 1292 pro

94 1316 191 1382 lerlnr
215 1315 352 1382 meliust
374 1313 449 1399 qnid
474 1314 638 1399 Evangelio
672 1313 787 1380 Christi
811 1313 961 1398 dignius?
991 1313 1078 1398 Quae
1112 1321 1222 1380 contra
1252 1329 1315 1378 non

94 1423 180 1509 longe
203 1422 489 1507 deteriorati-quae
516 1439 579 1487 non
603 1420 702 1488 multo
723 1419 897 1504 indigniora
920 1419 1117 1506 protulistis?
1141 1418 1314 1498 lileriensi

94 1529 140 1596 rel
164 1548 262 1597 unum
288 1529 365 1596 mihi
392 1529 515 1613 possitis
537 1527 822 1612 ostenderequod
848 1537 988 1594 restrum
1007 1527 1089 1593 istud
1114 1524 1315 1612 Evangelium

90 1655 130 1704 ex
155 1643 365 1703 comessatore
389 1634 540 1713 sobrium,
560 1653 599 1701 ex
617 1634 711 1701 leroci
737 1641 947 1712 mansuetum,
963 1651 1005 1700 en
1023 1633 1125 1718 rapaci
1145 1632 1316 1711 liberalem,

91 1760 131 1809 er
156 1741 307 1809 maledico
331 1740 527 1821 benedicum,
550 1759 592 1808 ex
623 1741 780 1825 impudico
803 1737 872 1823 (23)
898 1739 1068 1807 reddiderit
1092 1737 1316 1806 verecundum.

90 1849 171 1932 Quot
195 1866 255 1914 non
279 1846 445 1914 ostendere
470 1864 646 1932 possumus,
662 1847 716 1931 qni
734 1847 781 1912 sui
807 1863 939 1932 prorsus
955 1846 1016 1912 iam
1032 1845 1241 1924 dissimillimi,
1258 1844 1317 1911 sei-

90 1955 153 2040 psis
176 1963 306 2040 quanto,
332 1953 411 2021 hone
435 1953 528 2032 Deus,
546 1953 709 2020 intervallo
732 1953 804 2019 tacti
822 1959 896 2020 sunt
910 1953 1092 2019 deteriores.
1115 1951 1252 2018 Stultum
1269 1956 1317 2018 est
1388 1977 1393 1988 ·

90 2062 196 2147 igitur,
213 2061 295 2127 mala
318 2069 441 2126 mutare
458 2060 564 2137 malis;
580 2059 735 2126 dementia
751 2059 843 2126 eliam
861 2059 941 2124 mala
958 2065 1081 2125 mutare
1096 2056 1316 2124 deterioribus.

87 2171 125 2234 ‚tt
147 2151 398 2252 sapientissimus
422 2166 472 2232 ille
495 2166 638 2232 Salomon
664 2173 768 2250 patres
791 2163 962 2231 audiendos
992 2163 1233 2249 sequendosque
1264 2161 1317 2229 ad·

88 2291 236 2340 monens:
264 2271 311 2338 Ne
334 2271 612 2358 transpredt'oris,
637 2271 748 2356 inquit,
773 2272 928 2336 terrnr'nos
957 2271 1124 2358 antiquos,
1156 2287 1238 2356 quos
1258 2287 1317 2353 po-
1336 2280 1488 2334 rueram

87 2389 231 2445 suerunt
253 2388 368 2464 potres
392 2379 481 2444 tui1.
506 2377 587 2461 Quin
611 2377 722 2444 heatus
758 2377 896 2454 loannes,
931 2376 1065 2443 dilectus
1101 2375 1166 2442 lesu
1202 2374 1317 2442 Christi

83 2485 275 2571 discipulus,
298 2484 352 2570 qni
377 2501 484 2551 sacrae
507 2483 666 2550 doctrinae
689 2483 808 2549 llnenta
832 2483 948 2549 elonte
964 2482 1109 2548 dominici
1136 2481 1271 2566 pectoris
1287 2481 1319 2548 iu

86 2609 186 2658 coena
209 2593 329 2676 potavit
344 2591 368 2668 ¹,
392 2591 538 2676 spiritum
556 2589 696 2656 veritatis
719 2598 750 2656 et
765 2589 884 2656 erroris
901 2589 973 2655 hinc
990 2577 1203 2655 internoscere
1218 2587 1319 2666 docet,

85 2697 174 2783 quod
197 2715 284 2775 eum,
307 2698 360 2776 ait,
386 2696 501 2763 hahere
524 2695 670 2782 spiritum
694 2696 845 2773 veritalis,
868 2696 921 2780 qui
948 2703 1053 2780 patres
1087 2694 1185 2772 audit,
1210 2703 1320 2760 contra

88 2821 166 2870 vero
188 2803 336 2890 spiritum
360 2803 489 2881 erroris,
513 2803 567 2888 qui
591 2802 714 2868 eosdem
739 2802 869 2887 spernit,
887 2801 917 2867 in
943 2802 1019 2868 haee
1042 2800 1136 2867 verha
1160 2799 1317 2866 scribens:

89 2911 157 2992 Qui
173 2909 265 2976 rrooit
283 2909 398 2986 deoru,
415 2907 511 2974 autlit
528 2927 586 2974 nor
599 2906 635 2984 *5
650 2909 709 2996 qui
724 2927 790 2974 raon
804 2917 850 2974 est
865 2927 905 2974 eac
924 2908 999 2986 lleo,
1015 2926 1081 2972 non
1098 2906 1195 2972 credit
1212 2923 1270 2971 nos
1281 2902 1318 2983 *ς
1342 2925 1362 2968 t.
1377 2923 1406 2968 n.
1422 2920 1441 2976 t,
1455 2919 1476 2964 s.

86 3036 149 3102 per
172 3013 234 3084 ltoc
257 3015 485 3101 eoquoreimos
508 3015 666 3100 spiritum
694 3014 844 3081 neritott'a
875 3023 903 3080 et
926 3013 1064 3080 erroris.
1097 3013 1204 3097 Neque
1235 3010 1319 3078 enim

88 3122 166 3189 illud
191 3121 231 3189 de
255 3121 329 3188 solis
354 3121 505 3206 ,lpostolis
527 3121 641 3188 Christi
661 3130 727 3188 tum
746 3120 923 3188 viventibus
938 3119 1056 3186 dietum
1073 3118 1215 3202 accipere
1231 3133 1321 3201 opor·

89 3237 151 3304 tet;
175 3228 294 3314 alioqui
312 3235 382 3312 post
406 3227 621 3312 Apostolorum
647 3236 786 3312 tempora
810 3244 874 3311 quo
897 3233 989 3310 paeto
1012 3225 1158 3312 spiritum
1181 3222 1321 3290 veritatis

88 3343 122 3402 et
144 3335 268 3402 erroris
292 3332 426 3400 Ecclesia
448 3333 627 3402 discernere
648 3340 772 3419 posset?
798 3333 1016 3400 verumetiam
1040 3331 1079 3398 de
1103 3330 1321 3414 Apostolorum

88 3437 385 3527 discipulorumque
407 3439 522 3506 Christi
548 3439 693 3525 legitimis
716 3437 961 3516 successorihus,
985 3435 1159 3504 cuiusmodi
1189 3435 1321 3501 maiores

90 3548 203 3626 nostri,
228 3564 341 3632 nempe
364 3545 533 3613 orthodoxi
559 3553 663 3631 patres
686 3553 717 3612 et
732 3545 877 3612 doctores
900 3544 981 3611 sacri
1005 3543 1103 3611 luere.
1123 3579 1163 3591 -
1182 3542 1247 3625 Qua
1266 3541 1320 3626 igi·

90 3666 145 3722 tnr
168 3653 275 3721 ironte
291 3671 348 3740 per
372 3654 506 3720 maiores
529 3662 663 3732 nostros,
680 3657 830 3738 (quorum
848 3649 1099 3736 interpretationi
1117 3656 1148 3716 et
1163 3647 1322 3716 doctrinae

154 3789 234 3833 ‘vos⁸

163 4085 172 4117 ¹
194 4083 280 4142 unm
299 4085 318 4138 F
336 4085 365 4138 ὃς
440 4083 645 4150 providendum,
664 4097 696 4136 ne
714 4090 767 4136 tom
787 4093 884 4136 temere
902 4086 993 4152 potres
1012 4089 1125 4144 sanctos,
1143 4095 1211 4146 quos
1230 4077 1323 4132 Christi

90 4177 201 4242 rplrltus
218 4175 369 4238 adtlorit,a
390 4179 465 4240 tergo
483 4175 670 4241 relinquemus,
689 4173 864 4238 praecipiente
876 4171 1022 4227 Solomone
1039 4170 1127 4238 (lhos.
1147 4171 1190 4230 22,
1210 4168 1268 4234 28):
1288 4167 1324 4220 Ne

91 4264 296 4332 transmdlaris
314 4269 365 4316 etc.

162 4353 174 4386 '
194 4355 237 4408 liat
256 4351 354 4406 locutio
373 4351 512 4418 desumpta
532 4365 563 4404 ox
590 4351 767 4416 Responsorio
786 4351 847 4404 Vlll.
867 4348 951 4403 Oltleli
976 4348 1003 4400 ln
1029 4349 1093 4400 testo
1117 4361 1139 4400 s.
1159 4345 1259 4400 loannis
1278 4345 1324 4396 Er.

92 4445 146 4501 tet.
166 4445 250 4508 hoen,
270 4441 315 4496 nbi
335 4443 443 4508 legitur:
465 4441 597 4494 :fluenta
616 4440 749 4506 Evangelii
767 4439 801 4493 de
821 4439 879 4506 ipso
897 4451 972 4492 sucro
985 4437 1109 4490 dominici
1130 4435 1243 4502 pectoris
1256 4435 1324 4486 tonte

92 4535 193 4602 potavit
207 4553 233 4587 s.
