3390 5096
400 319 461 384 178
709 335 905 384 conrnrnrro
929 337 1161 384 emanaturam
1184 337 1302 384 nantel.

395 461 504 539 Deum,
528 459 625 528 reloti
657 459 843 528 mediatores
871 443 999 546 quidam
1033 461 1116 528 iuter
1139 461 1238 528 Deum
1269 471 1301 530 et
1328 461 1495 547 populum,
1531 479 1631 547 quam

394 567 517 634 externi
543 567 737 653 visibilisque
760 567 931 634 sacerdotis
957 585 1026 634 esse
1049 568 1202 636 rationem
1226 585 1267 635 er
1290 569 1434 636 doctrina
1449 569 1633 654 aposmlica

394 673 588 742 ostendimus
604 675 635 752 ¹;
658 673 757 740 donec
782 673 967 741 ludaeorum
990 682 1023 741 et
1052 675 1216 760 gentilium
1240 675 1357 760 templo
1386 693 1460 742 cnm
1485 693 1551 742 suo
1583 694 1633 742 sa-

395 780 533 848 cerdotio
548 779 690 848 funditus
704 798 815 846 everso
830 789 861 847 et
877 780 1036 865 praedicta
1053 781 1174 848 ratione
1189 781 1323 861 sublata,
1336 781 1451 866 passim
1466 782 1509 850 ab
1526 781 1634 850 onini-

395 887 456 954 bns
478 887 575 954 nostri
599 887 774 972 presbyteri
799 886 976 954 sacerdotes
991 887 1141 972 appellari
1158 889 1328 973 coeperint.
1347 888 1479 956 Proinde
1498 888 1634 975 quando

395 993 515 1060 trustra
537 993 576 1060 de
600 993 779 1060 nominibus
809 993 1020 1071 contenditur,
1045 994 1097 1061 ubi
1129 994 1168 1062 de
1200 995 1297 1062 rebus
1319 1002 1451 1074 constat,
1485 996 1633 1062 maxime

395 1103 555 1187 quoniam,
579 1109 615 1167 ut
639 1102 699 1167 iam
723 1100 935 1168 antedictum
959 1108 1008 1168 est
1029 1101 1205 1188 aliquoties,
1223 1101 1423 1188 Evangelium
1448 1121 1510 1168 non
1536 1103 1571 1167 in
1596 1101 1632 1167 li-

397 1216 475 1286 tera,
498 1215 530 1274 at
552 1207 677 1292 spiritu,
694 1226 754 1274 non
780 1207 810 1273 in
827 1225 982 1286 sermone,
1005 1215 1038 1274 at
1061 1225 1155 1275 sensu
1179 1208 1364 1276 collocatum
1388 1215 1453 1276 est:
1479 1216 1515 1275 ut
1532 1209 1631 1276 etiam

397 1331 508 1380 nomen
532 1313 658 1399 quidem
675 1313 839 1380 sacerdotii
863 1333 1021 1400 nusquam
1037 1315 1118 1382 forte
1141 1315 1353 1400 comperiatur
1369 1315 1400 1381 in
1425 1333 1508 1382 noro
1532 1321 1633 1381 testa·

398 1427 502 1488 mento
525 1419 564 1488 de
586 1421 759 1488 sacerdotio
784 1421 894 1488 risibili
929 1421 1112 1507 Euangeliou
1142 1420 1274 1501 dictum,
1298 1421 1396 1506 ipsam
1421 1431 1525 1488 umen
1562 1439 1632 1488 rem

398 1526 459 1593 illic
483 1526 648 1606 contineri,
672 1545 783 1612 nempe
807 1526 950 1612 publicos
972 1545 1040 1594 esse
1063 1527 1224 1595 ministros
1256 1527 1407 1596 Ecclesiae
1435 1545 1493 1595 seu
1516 1527 1631 1614 populi

397 1632 503 1700 dirino
526 1633 624 1700 cultui
648 1633 815 1712 dedicatos,
840 1653 900 1700 non
924 1633 1026 1700 solum
1046 1653 1065 1700 a
1088 1633 1178 1719 plebe
1201 1641 1371 1719 separatos,
1395 1633 1630 1702 verumetiam

398 1737 546 1824 dignitate
570 1740 670 1806 multo
693 1739 945 1825 praestantiores,
969 1758 1011 1806 en
1035 1740 1083 1819 iis,
1107 1757 1189 1826 quae
1212 1738 1393 1819 dictasunt,
1416 1740 1531 1824 opinor
1557 1737 1629 1824 (qui

400 1845 491 1912 modo
513 1845 553 1914 sit
575 1845 696 1928 docilis)
712 1845 871 1931 ambigere
887 1846 1053 1913 neminem.
1072 1847 1150 1914 llaec
1173 1854 1278 1914 autem
1302 1847 1345 1914 ila
1361 1865 1394 1914 se
1417 1847 1537 1914 babere
1554 1863 1631 1913 con-

399 1953 526 2020 lirmant
548 1971 620 2020 cnm
644 1953 758 2032 omnia,
781 1971 863 2039 quae
886 1953 1001 2038 passim
1026 1953 1175 2039 leguntur
1198 1953 1230 2020 in
1256 1955 1354 2022 literis
1378 1953 1574 2040 Evangelicis
1590 1952 1629 2018 de

401 2061 611 2146 peculiaribus
627 2059 737 2127 officiis
760 2061 976 2146 Apostolorum
1001 2059 1292 2147 discipulorumque
1315 2079 1389 2147 erga
1413 2061 1583 2146 populum,
1599 2065 1631 2126 et

400 2167 563 2234 ediverso
588 2167 693 2253 populi
718 2185 793 2252 erga
816 2167 976 2253 lpostolos
1006 2175 1035 2234 el
1059 2167 1247 2253 discipulos;
1271 2167 1425 2254 siqnidem
1457 2167 1550 2233 iuxta
1575 2184 1630 2252 pa-

401 2283 485 2343 trum
520 2275 746 2360 expositionem
771 2273 922 2360 apostolis
946 2275 1097 2360 Episcopi,
1120 2273 1281 2360 discipulis
1305 2273 1477 2360 presbyteri
1501 2290 1631 2341 sncces-

401 2389 512 2450 serunt
535 2383 565 2448 in
591 2381 725 2449 Ecclesia
748 2383 820 2460 llei;
844 2389 876 2450 et
898 2400 980 2467 qnae
1010 2383 1186 2468 loquuntur
1217 2381 1247 2448 in
1279 2380 1459 2466 ltpostolicis
1485 2379 1629 2466 epistolis

400 2490 438 2556 de
463 2489 599 2574 propriis
622 2489 807 2556 muneribus
823 2490 1001 2575 praesidum
1029 2489 1181 2558 Ecclesiae
1204 2488 1375 2574 populique
1389 2487 1489 2554 fidelis
1505 2488 1539 2554 iu
1556 2487 1630 2554 sub

317 2661 319 2666 .
401 2595 492 2675 ditos,
516 2603 548 2662 et
581 2597 780 2663 econtrario
811 2595 1008 2664 subditorum
1033 2593 1124 2679 (147)
1148 2596 1179 2662 in
1203 2593 1362 2681 praesides
1387 2593 1628 2670 Ecclesiasticus,

403 2710 469 2770 tum
495 2721 569 2770 vero
605 2709 686 2770 totae
711 2710 775 2770 tres
803 2703 873 2770 illae
903 2703 1037 2787 lpostoli
1062 2702 1147 2769 Pauli
1178 2702 1337 2788 epistolae,
1365 2700 1514 2768 nimirum
1546 2701 1629 2767 duae

402 2809 440 2876 ad
464 2809 662 2878 Timotheum
686 2817 718 2877 et
740 2810 778 2877 ad
794 2809 898 2876 Titum
924 2827 995 2876 nna.
1012 2811 1088 2876 Nam
1112 2807 1381 2894 utsuperioribus
1402 2805 1628 2892 epistolissuis

402 2915 441 2983 ad
465 2917 615 2984 Ecclesias
637 2917 765 2984 directis
788 2917 972 2984 universnm
1004 2916 1070 2984 lere
1093 2916 1207 2983 Christi
1241 2914 1392 3001 populum
1422 2913 1563 2992 instruit,
1588 2912 1629 2978 ita

404 3022 506 3090 tribus
530 3023 579 3090 bis
604 3023 831 3109 posterioribus
853 3022 890 3090 ad
917 3021 1083 3108 Episcopus
1097 3021 1188 3102 datis,
1205 3021 1236 3088 in
1257 3021 1302 3088 eis
1316 3036 1425 3087 omnes
1450 3017 1627 3104 Episcopus,

404 3128 580 3196 sacerdotes
602 3131 743 3216 aliosque
775 3130 927 3197 Ecclesiae
960 3129 1119 3196 ministros
1151 3147 1192 3196 ex
1223 3125 1363 3213 proiesso
1393 3124 1493 3203 docet,
1517 3125 1563 3191 ita
1594 3128 1630 3190 nt

405 3235 481 3301 nulli
506 3237 619 3304 mentis
642 3237 749 3304 oculos
773 3237 898 3304 babenti
922 3235 1054 3303 dubium
1079 3253 1147 3302 esse
1171 3243 1274 3320 queat,
1299 3233 1389 3300 iuxta
1410 3229 1586 3298 doctrinam
1599 3236 1629 3297 et

405 3341 619 3428 Evangelicam
651 3352 682 3412 et
705 3345 909 3432 apostolicam
942 3361 1009 3410 esse
1042 3342 1183 3428 publicos
1213 3339 1363 3426 quosdam
1387 3337 1540 3406 Ecclesiae
1570 3353 1628 3405 seu

406 3448 512 3534 populi
541 3450 700 3519 ministros
722 3451 836 3520 divinis
857 3451 968 3519 ciliciis
991 3456 1197 3528 consecratos,
1220 3466 1238 3514 a
1269 3446 1359 3533 plebe
1388 3443 1629 3520 discriminatos,

406 3571 486 3640 quos
508 3575 550 3622 ex
573 3557 781 3645 descriptione
804 3569 955 3628 externos
979 3557 1178 3641 visibilesque
1201 3551 1376 3622 sacerdotes
1402 3569 1470 3619 esse
1492 3550 1628 3617 ostendi·

407 3677 488 3728 mns.
512 3663 657 3731 Ceterum
681 3665 870 3735 adducendis
894 3667 956 3733 buc
973 3663 1203 3748 scripturarum
1221 3661 1295 3727 locis
1318 3657 1460 3728 consulto
1482 3673 1628 3741 superse·

406 3767 527 3848 demus,
554 3772 664 3856 partim
701 3776 785 3860 quod
810 3775 886 3842 nnlli
919 3793 980 3840 non
1004 3779 1079 3840 sunt
1113 3769 1214 3849 obvia,
1240 3767 1375 3834 maxime
1399 3764 1452 3831 nbi
1476 3780 1560 3830 nunc
1594 3781 1628 3830 ea

407 3875 592 3945 observandi
617 3881 698 3948 riam
723 3882 938 3961 indicarimus,
963 3889 1030 3948 tum
1054 3897 1095 3946 ex
1120 3877 1209 3945 novis
1232 3872 1419 3950 nominibus,
1443 3869 1559 3956 quibus
1574 3888 1627 3954 ap

408 3982 575 4065 pellantur,
600 3995 667 4052 tum
691 4007 709 4054 a
733 3990 869 4075 propriis
891 3987 1012 4068 olliciis,
1036 3985 1153 4073 quibus
1175 3981 1398 4052 describuntur
1426 3977 1456 4046 in
1481 3995 1561 4042 noro
1584 3983 1627 4042 te

408 4094 561 4155 stamenlo
585 4093 770 4174 sacerdotes,
796 4095 980 4180 praesertim
997 4093 1082 4180 quod
1105 4091 1209 4158 omnia
1225 4085 1356 4175 possetis
1375 4082 1502 4150 eludere
1524 4081 1628 4148 verbis

409 4194 486 4274 istis,
510 4215 590 4281 quae
614 4218 686 4266 mox
714 4202 763 4268 bic
786 4203 928 4282 adicitis,
951 4220 1062 4287 nempe
1085 4217 1193 4267 onmes
1208 4195 1334 4283 quidem
1352 4187 1528 4259 huiusmodi
1552 4190 1626 4257 scri-

410 4309 519 4387 pturas
542 4303 668 4392 intelligi
693 4307 731 4375 de
760 4309 974 4378 sacerdotibus
999 4309 1149 4377 Ecclesiae
1176 4301 1337 4380 ministris,
1361 4317 1421 4366 non
1444 4314 1524 4383 quos
1546 4297 1627 4364 ordi·

481 4537 486 4566 ¹
512 4541 596 4603 Sopru
621 4540 678 4592 175.
