3378 5082
401 325 442 393 36
712 344 907 394 coururxrlo
930 345 1161 394 turuesxmsm
1186 347 1304 394 nauum.

399 469 602 555 prudentium
625 469 780 555 pestiferis
803 469 987 538 haeresibus
1009 477 1167 554 caperent,
1192 478 1365 539 mactarent
1388 479 1420 539 et
1443 472 1632 558 perderent,
1685 481 1686 484 ’

231 587 305 634 ml·
317 588 336 641 ⁷.
347 589 380 633 ¹⁵·
399 595 507 645 omnes
530 577 728 662 praemonuit
760 577 924 644 adiiciens:
951 577 1075 654 Cavete,
1101 577 1214 663 inquil,
1238 578 1329 644 vobis
1364 599 1386 645 u
1418 580 1630 667 pseudopro·

396 683 514 772 plectis,
537 685 597 773 qui
617 684 753 751 veniunt
775 684 822 751 od
845 703 900 750 uos
924 685 959 750 in
981 685 1099 750 vestitu
1124 685 1248 764 ovium,
1273 693 1308 751 ot
1326 685 1528 752 intrinsecus
1544 699 1631 753 surr?

401 791 472 879 lupi
495 811 644 878 rapaces.
669 791 775 876 Neque
799 809 873 858 uero
897 790 926 857 id
951 791 989 874 (si
1014 791 1109 857 Parrlo
1138 793 1283 875 hpostolo
1307 791 1478 876 credimus)
1504 795 1626 861 mirum

243 909 265 952 ²
279 909 328 1006 0ῗῖ-
343 908 377 964 ¹¹.
403 899 498 967 videri
522 905 655 984 oportet,
678 898 943 986 quondoquidem
967 898 1035 983 ipse
1059 897 1205 964 Solonas
1222 897 1492 985 tronsfipuratur
1508 901 1545 990 ira
1563 921 1628 967 au-

323 993 329 1007 '
398 1007 509 1095 petum
532 1007 636 1084 lucie·
658 1023 719 1071 non
753 1021 900 1089 magnum
935 1003 1042 1089 igitur,
1066 1003 1090 1070 si
1122 1011 1154 1070 et
1188 1005 1324 1071 ministri
1358 1005 1427 1072 eius
1458 1006 1627 1079 haeretici,

399 1113 483 1182 illius
506 1130 670 1198 personam
696 1111 725 1176 in
750 1127 783 1177 se
807 1110 1011 1190 transierunt,
1034 1110 1122 1196 quasi
1147 1111 1210 1177 sint
1227 1111 1359 1178 ministri
1378 1112 1526 1190 iustitiae,
1542 1132 1627 1199 quo

272 1213 278 1238 '
398 1239 469 1288 rum
494 1220 564 1286 bnis
587 1219 647 1286 erit
670 1218 760 1283 iuxta
782 1235 878 1301 opera
901 1236 1022 1285 eorum.
1250 1209 1255 1224 “

485 1328 683 1411 Quapropter
706 1330 742 1390 ut
764 1323 846 1390 inter
870 1331 991 1391 veteres
1013 1323 1086 1390 olim
1113 1324 1287 1391 haereticos
1314 1324 1365 1390 alii
1389 1341 1423 1390 se
1446 1325 1625 1410 angelicos,

396 1436 447 1503 alii
470 1452 503 1501 se
526 1431 724 1517 ¹lpostolicos,
747 1429 798 1496 alii
822 1447 855 1496 se
878 1429 918 1496 ab
940 1431 1126 1497 excellentia
1151 1431 1297 1498 scientiae
1324 1430 1486 1498 Gnosticos
1509 1434 1623 1517 appel-

397 1544 508 1618 lantes,
531 1539 581 1606 alii
610 1536 745 1621 denique
775 1535 843 1603 aliis
874 1537 978 1604 nescio
1008 1537 1125 1622 quibus
1157 1538 1326 1624 praeclaris
1357 1537 1507 1605 eiusmodi
1543 1539 1625 1606 titu-

397 1650 434 1716 lis
456 1645 629 1714 doctrinam
653 1639 760 1711 suam
778 1644 893 1728 populo
927 1643 1132 1724 venditantes,
1156 1662 1224 1711 sese
1248 1644 1428 1729 pectoribus
1452 1645 1621 1712 hominum

395 1753 611 1823 fraudulenter
642 1750 851 1828 insinuarunt,
883 1751 925 1815 ita
961 1758 1084 1818 nostrae
1120 1751 1312 1836 tempestatis
1348 1751 1507 1828 haeretici,
1544 1770 1622 1819 cum

395 1860 483 1928 initio
507 1864 627 1926 tautum
644 1855 660 1884 *
685 1874 746 1922 non
768 1856 852 1922 Deus
874 1862 956 1922 esset
979 1857 1039 1922 illis
1075 1857 1243 1936 lutherus,
1280 1875 1312 1923 se
1343 1857 1468 1942 quidem
1504 1858 1546 1924 ab
1583 1879 1623 1925 eo

395 1967 590 2034 lutheranus
613 1959 660 2044 (9)
684 1961 742 2029 dici
767 1961 996 2029 sustinuerunt.
1021 1965 1058 2029 tt
1082 1963 1135 2030 ubi
1162 1963 1246 2030 Deus
1268 1963 1407 2049 optimus
1431 1963 1622 2031 rraaximusl

395 2073 553 2160 improbos
575 2071 707 2136 istorum
731 2075 871 2146 conatus,
895 2069 1075 2154 opinionum
1112 2069 1194 2136 inter
1227 2088 1260 2137 se
1283 2069 1463 2138 dissidentia
1488 2071 1622 2156 perinde

232 2190 287 2236 ⁶⁸¹¹·
302 2189 335 2244 Η.
351 2189 371 2235 ⁸·
395 2200 430 2249 ac
453 2177 611 2266 quondam
635 2175 800 2242 temeraria
823 2173 948 2241 illorum
973 2175 1141 2255 molimina,
1167 2177 1221 2262 qui
1247 2179 1296 2260 (ut
1326 2195 1415 2244 sacra
1439 2177 1536 2244 relert
1559 2177 1623 2244 Ge-

394 2305 503 2356 neseos
526 2282 668 2364 historia)
693 2281 806 2348 turrim
830 2281 869 2347 ad
893 2283 1014 2348 coelum
1039 2299 1141 2368 usque
1167 2285 1393 2370 pertingentem
1418 2285 1541 2369 erigere
1565 2303 1622 2351 co-

393 2393 561 2469 nabantur,
584 2390 764 2474 linguarum
788 2387 936 2454 varietate
960 2389 1109 2466 conludit,
1134 2389 1176 2456 ita
1208 2399 1244 2456 ut
1274 2391 1334 2456 iam
1358 2390 1396 2456 de
1428 2391 1522 2456 certis
1546 2391 1621 2476 qui-

393 2499 523 2568 busdam
549 2495 695 2564 thematis
717 2494 757 2560 ab
779 2493 979 2560 eononnulli
997 2494 1209 2576 dissentirent,
1226 2504 1346 2563 rnumlo
1362 2496 1454 2563 tiurlo
1469 2503 1500 2563 et
1516 2497 1619 2581 priori

391 2606 517 2674 nomine
541 2603 713 2689 repudiato,
739 2600 936 2686 Euangelicos
960 2619 992 2668 se
1008 2603 1218 2670 communiter
1233 2603 1415 2688 appellitare
1432 2612 1618 2688 coeperunt.

392 2713 471 2798 Quid
497 2729 590 2798 porro
615 2710 671 2776 hac
695 2727 769 2775 voce
792 2707 960 2774 blandius?
983 2707 1059 2793 quid
1084 2709 1247 2776 sanctius?
1271 2709 1345 2795 quid
1370 2709 1556 2776 salubrius?
1581 2713 1620 2776 tt

391 2825 501 2886 contra
523 2817 597 2903 quid
621 2816 807 2884 nocentius?
830 2815 906 2900 quid
930 2815 1165 2884 execrabilius?
1190 2816 1266 2902 quid
1291 2816 1479 2883 virulentias
1503 2816 1540 2882 iis
1564 2833 1619 2883 er-

391 2925 518 2992 roribus
541 2923 653 3009 impiis
677 2922 730 3009 qui
755 2922 826 2988 luco
851 2921 946 2988 huius
977 2928 1039 2987 tam
1074 2922 1115 3007 pii
1142 2922 1280 2988 nominis
1304 2921 1535 3008 praedicantur,
1560 2922 1618 2989 do-

391 3039 503 3099 centur
526 3039 557 3097 et
579 3029 789 3114 evulgantur?
814 3029 866 3094 llla
901 3045 1037 3113 namque
1068 3028 1194 3108 veritas,
1220 3029 1329 3114 gratia,
1365 3045 1439 3113 pax,
1475 3028 1562 3095 salus
1585 3039 1619 3095 et

391 3137 455 3204 rita
478 3135 690 3222 promittitur;
714 3135 763 3200 his
785 3141 890 3202 autem
913 3133 1036 3201 diversa
1059 3135 1259 3202 continentur
1282 3135 1395 3214 omnia,
1420 3143 1456 3200 ut
1479 3153 1541 3202 non
1558 3135 1618 3202 ahs

257 3251 368 3308 wudu·
392 3261 426 3310 re
449 3243 520 3328 quis
544 3242 602 3308 hoc
634 3242 701 3308 loco
731 3259 803 3309 cum
836 3243 926 3328 poeta
955 3243 1201 3309 exclamaverit:
1227 3241 1370 3328 Frigidus
1393 3247 1425 3326 (o
1449 3243 1539 3328 pueri
1566 3243 1617 3309 lu-

390 3349 453 3436 gite
476 3349 561 3432 hinc)
586 3349 660 3416 latet
682 3349 794 3434 anguis
817 3349 847 3414 in
871 3348 984 3416 herba.

478 3457 559 3540 Quin
584 3455 719 3540 penitius
741 3455 925 3541 inspectanti
960 3456 1034 3522 mihi
1072 3457 1200 3523 titulum
1238 3457 1332 3524 istum
1368 3461 1399 3524 et
1422 3456 1616 3542 expendenti

242 3571 362 3617 bloba
390 3561 578 3639 accuratius,
600 3560 663 3627 duo
685 3561 716 3628 in
743 3561 868 3628 totidem
893 3562 996 3628 verbis
1019 3571 1195 3630 occurrunt
1217 3581 1354 3642 errores,
1371 3563 1456 3649 iique
1472 3563 1617 3649 prolecto

230 3623 373 3723 &3¹33
389 3686 484 3754 quam
507 3667 681 3753 gravissimi
705 3687 741 3736 ac
765 3669 912 3737 latissime
944 3676 1093 3754 patentes,
1120 3677 1232 3755 utpote
1267 3689 1325 3738 ceu
1360 3671 1460 3738 tontes
1483 3671 1615 3756 quidam

241 3741 363 3829 'iffi
388 3774 582 3842 infinitarum
619 3777 813 3856 haereseum,
844 3795 883 3844 ne
917 3777 1017 3844 dicam
1052 3795 1131 3862 pene
1166 3778 1326 3845 omnium:
1351 3797 1441 3844 unus
1473 3777 1614 3862 quidem,

388 3879 517 3948 liberam
542 3887 648 3966 patere
671 3883 770 3950 cuivis
792 3883 887 3950 divini
913 3884 998 3950 verbi
1024 3883 1300 3969 praedicationem,
1317 3904 1397 3971 quae
1413 3893 1445 3951 et
1460 3885 1534 3951 olim
1552 3883 1615 3951 luit

389 3987 598 4067 Valdensium,
623 3989 849 4056 Viclevicorum
874 3999 905 4058 et
928 3991 1172 4072 llussianorum3
1197 3991 1293 4071 ulter,
1310 3992 1363 4078 qui
1382 3999 1413 4059 et
1428 3992 1495 4078 ipse
1510 4009 1613 4078 quon-

388 4093 459 4162 dam
484 4095 543 4161 luit
564 4093 759 4174 Asianorum,
783 4096 1009 4176 bollardorum,
1032 4097 1233 4182 aliorumque
1257 4116 1352 4185 quam
1376 4097 1515 4184 plurium
1542 4101 1615 4166 hae·

388 4201 575 4268 reticorum:
599 4201 676 4268 nihil
700 4212 825 4287 praeter
847 4202 1019 4271 evidentem
1045 4204 1164 4271 vetaris
1188 4211 1220 4272 et
1243 4206 1313 4272 noui
1339 4205 1515 4273 testamenti
1533 4207 1612 4273 scri-

450 4326 526 4380 *tmr
545 4325 575 4372 ci.
593 4325 657 4374 inira
673 4340 697 4386 p.
716 4325 766 4385 (20)

459 4541 468 4573 ¹
488 4543 557 4596 llaec
574 4543 670 4597 locutio
688 4539 842 4607 saepissime
859 4543 973 4600 occurrit
990 4545 1018 4598 ln
1036 4543 1162 4600 omnibus
1180 4543 1325 4602 llerbomei
1344 4547 1477 4617 operibus.
