3378 5082
801 361 816 447 l

480 640 575 743 AD
609 640 964 745 LECTOREM

328 904 731 990 enauunuro
776 883 1119 1026 unruonrs

592 1197 858 1213 mm

209 1935 286 2030 ·En‚
315 1933 483 2014 benevole
510 1935 629 2030 lector,
659 1961 750 2042 opus
777 1937 832 2016 sni
860 1937 996 2040 generis
1024 1937 1165 2016 unicum
1204 1937 1264 2016 tibi
1292 1937 1338 2016 ol-

102 2061 233 2140 lertur.
263 2059 326 2138 Est
353 2059 445 2138 enirn
466 2059 551 2138 haec
569 2059 767 2138 Conlutatio
786 2086 856 2139 non
877 2060 989 2139 solum
1010 2063 1195 2162 Apologia
1216 2064 1338 2140 latina

103 2209 259 2290 prorsus
288 2183 399 2280 unica,
429 2209 519 2289 quae
547 2184 583 2262 in
610 2185 723 2264 Dania
750 2199 871 2280 contra
899 2185 933 2264 id
960 2186 1127 2291 tenrporis
1153 2199 1338 2264 novatores

102 2309 321 2415 scriptasit,
351 2307 411 2386 sed
440 2309 554 2406 etiarn,
585 2322 622 2388 ut
650 2309 730 2388 Chr.
761 2311 890 2388 Thorn.
921 2308 1138 2415 Engelstolt¹
1167 2311 1241 2389 iure
1269 2337 1338 2390 nre-

102 2436 176 2513 rito
205 2433 298 2528 dicit,
337 2463 353 2506 a
373 2459 463 2540 opus
491 2435 645 2513 ornniurn
675 2436 864 2513 maximnm
894 2449 927 2513 et
955 2435 1124 2541 optimunr
1162 2461 1183 2513 a
1215 2435 1339 2513 Catho-

104 2559 185 2638 licis
213 2558 447 2664 conscriptum
467 2587 504 2636 r.
534 2559 637 2652 Quod
666 2559 807 2665 quidem
837 2559 947 2638 obiter
974 2559 1166 2664 inspicienti
1195 2559 1254 2638 tibi
1274 2559 1339 2638 lor-

105 2685 199 2762 sitan
228 2682 273 2760 ad
302 2683 415 2762 solunr
444 2684 576 2762 Daniae
605 2709 751 2788 regnurn
781 2684 953 2789 pertinere
978 2685 1169 2780 uidebitur3
1193 2731 1240 2741 -
1265 2684 1339 2762 illu-

106 2820 199 2886 strat
225 2807 315 2886 enirn
345 2821 379 2886 et
417 2807 518 2887 solvit
554 2821 758 2912 argumenta
795 2801 830 2888 et
864 2808 1074 2888 obiectiones
1111 2835 1243 2904 eorunr,
1277 2809 1338 2915 qui

107 2932 214 3011 fidem
244 2946 278 3011 et
305 2931 501 3036 religionem
530 2933 564 3011 in
593 2935 723 3013 Dacia
751 2959 772 3011 a
800 2947 919 3012 sancto
954 2935 1124 3038 rlnsgario
1161 2958 1270 3039 nsque
1303 2934 1338 3011 in

106 3083 242 3134 annum
279 3059 380 3136 l530
419 3070 620 3160 regnantem
659 3058 863 3138 labefactare
896 3071 930 3138 et
962 3059 1135 3138 eradicare
1168 3059 1340 3138 conaban-

108 3195 188 3261 tur:
218 3193 347 3278 -at,
377 3181 473 3288 quod
502 3207 556 3262 res
585 3194 647 3280 est,
678 3208 749 3261 non
778 3184 994 3288 restringitur
1013 3184 1078 3263 hoc
1105 3183 1249 3281 ambitu,
1270 3184 1338 3262 irno

106 3309 221 3406 finem
250 3305 472 3412 prosequitur
500 3309 766 3396 universalem,
794 3311 1016 3408 defendatdi
1040 3334 1110 3387 sc·
1126 3310 1337 3387 astrataarli-

107 3455 195 3532 (μω,
233 3431 343 3530 idque
380 3433 501 3508 arcura
538 3454 588 3508 ea
625 3455 740 3510 sacra
780 3433 975 3532 scriptura
1013 3434 1249 3533 potissimum
1282 3436 1340 3510 de-

107 3556 310 3656 promptis,
347 3563 462 3632 lotam
499 3556 687 3633 Ecclesiae
723 3557 930 3636 catholicae
966 3559 1188 3636 doctrinam.
1223 3557 1337 3650 Quanr
1419 3617 1421 3622 .

108 3705 192 3758 vero
220 3677 416 3757 luculenter
443 3693 478 3758 et
506 3679 614 3758 solide
644 3680 708 3759 hoc
736 3681 941 3786 praestiterit
968 3693 1100 3776 auctor,
1130 3681 1164 3759 in
1189 3681 1338 3762 decursu

108 3803 215 3882 totius
244 3803 359 3908 operis
387 3804 586 3909 experieris.
617 3807 708 3908 Lege
737 3831 768 3886 e.
798 3833 829 3910 g.
860 3818 1042 3894 tractatum
1072 3809 1339 3885 denominaret

110 3933 148 4006 ai
174 3929 378 4030 Evangelii
406 3927 477 4034 (pp.
508 3929 656 4034 tlte),
686 3956 757 4036 quo
776 3931 906 4026 nescio,
927 3956 972 4008 an
992 3931 1077 4036 quid
1097 3931 1223 4009 clarius
1244 3957 1338 4035 prae-

107 4051 302 4132 stantiusre
342 4051 422 4132 alibi
460 4067 662 4159 reperturus
702 4053 759 4134 sis.
801 4055 925 4133 lisdem
965 4054 1150 4134 virtutibus
1187 4055 1339 4159 gaudent

182 4375 192 4406 ¹
213 4377 395 4432 llelorrnantes
413 4383 439 4432 et
457 4375 580 4432 Catholici
600 4383 728 4446 ternpore,
746 4393 802 4446 qno
813 4391 886 4432 sucro
899 4377 1036 4432 emendata
1050 4383 1120 4440 sunt,
1140 4377 1165 4429 ln
1186 4377 1265 4430 {lania
1279 4391 1338 4430 con·

108 4471 251 4522 certantes
271 4467 387 4522 llauniae
407 4467 483 4520 4836.
504 4481 530 4534 p.
550 4467 594 4522 25.
614 4483 639 4522 n.
660 4467 703 4522 ll.
