3364 5092
499 338 611 386 rnruus
635 309 857 387 conpressus
1243 325 1284 387 77

78 463 129 530 iam
150 463 188 547 (ni
204 462 307 543 failor)
331 481 392 529 non
418 462 538 529 minore
561 471 630 529 tum
654 462 734 540 luce,
760 472 826 530 tum
852 462 1000 542 efficacia,
1024 462 1144 530 candidi
1162 463 1287 531 lectoris

77 569 176 635 iudicio
195 569 370 636 docuimus.
388 569 452 635 Non
478 568 575 654 igitur
591 587 647 636 vos
665 569 864 654 Evangeiicos
879 569 1113 637 concionatores
1128 568 1286 654 appellare

74 675 226 752 debebatis,
250 693 323 742 cum
348 674 426 741 nihil
451 675 555 742 minus
578 675 657 754 sitis,
680 683 711 741 at
735 675 851 759 potius,
867 674 1131 761 quemadmodum
1156 675 1187 741 in
1211 693 1287 760 sup-

75 781 221 866 plicatione
245 789 351 848 restra
374 781 413 848 ad
437 781 554 867 regiam
579 782 779 860 Maiestatem,
803 781 1038 848 concionatores
1062 782 1173 868 regios.

149 887 189 954 En
215 889 281 966 tibi,
305 888 356 973 pie
380 888 488 966 lector,
512 896 662 972 qirantam
685 887 806 954 dicendi
833 887 994 954 materiem
1018 887 1082 954 duo
1106 895 1227 954 tantum
1249 887 1287 954 ti-

75 994 122 1058 tnii
143 994 290 1080 propositi
316 993 412 1061 rerba
435 993 525 1060 nobis
547 993 800 1078 suppeditarunt,
824 1000 856 1060 et
880 992 950 1078 plus
973 993 1004 1060 in
1037 1009 1162 1060 recessu
1194 1011 1287 1060 rene

73 1100 127 1165 nati
146 1100 243 1168 acuiei
262 1099 409 1167 habentia
431 1099 490 1182 (uti
515 1099 678 1184 diximus),
701 1117 796 1185 quam
821 1098 923 1167 ironic
948 1117 1023 1184 prae
1039 1117 1072 1166 se
1096 1098 1179 1167 serre
1203 1099 1287 1168 ride-

73 1205 184 1285 bantur,
207 1223 321 1292 nempe
346 1205 472 1272 totidem
498 1205 587 1273 bases
610 1206 775 1273 universae
800 1208 948 1273 haeresos
983 1205 1181 1272 includentia.
1206 1206 1286 1290 Quid

72 1313 213 1392 futurum,
237 1313 263 1379 si
288 1313 355 1398 pari
380 1311 485 1379 studio
507 1311 761 1396 expenderemus
783 1329 819 1378 ac
843 1319 1052 1379 tractaremus
1075 1312 1205 1379 omnint
1230 1313 1288 1380 Vc·

74 1437 137 1485 rmn
160 1420 330 1504 prolixitati
356 1425 481 1486 nostrae
505 1418 626 1485 reniam
651 1425 825 1504 precantes
850 1418 875 1484 si
899 1417 976 1504 qcrid
1000 1419 1081 1485 hanc
1109 1419 1138 1484 in
1165 1426 1285 1504 partem

72 1543 87 1590 a
110 1543 154 1592 me
176 1534 338 1612 peccatum
357 1526 407 1604 sit,
424 1543 488 1611 qua
504 1531 607 1592 tamen
624 1543 721 1610 opera
735 1523 838 1592 dedita
855 1523 903 1592 usi
921 1543 1034 1592 sunaus
1049 1525 1086 1592 ad
1104 1524 1287 1592 subruenda

72 1631 158 1699 totius
179 1641 280 1700 sectae
303 1630 518 1710 fundamenta,
542 1629 572 1697 id
596 1631 679 1717 quod
703 1639 735 1697 et
759 1636 814 1698 tuo
837 1630 953 1698 iudicio
976 1630 1092 1698 iactum
1125 1630 1286 1710 existimo;

71 1737 188 1820 posthac
210 1739 241 1805 in
265 1745 406 1824 utroque
428 1753 598 1822 congressu
623 1743 774 1822 sequente
797 1736 960 1804 breviores
983 1753 1051 1804 esse
1078 1736 1287 1805 decrevimus.
