3364 5092
516 348 646 396 scurrus
668 347 875 397 concaussos.
1267 330 1305 394 lli

167 471 332 540 Postremo
355 472 463 540 eadem
488 471 603 540 Christi
628 472 764 540 Ecclesia
797 473 913 541 dicitur
937 468 1123 562 apostolica,
1155 470 1307 538 nimirum
1330 483 1366 530 ιιι.

76 577 240 648 aedificata
263 599 367 665 super
389 577 649 666 fundumentum
674 579 908 666 Apostolorum
931 588 959 646 ιι
972 576 1214 665 prophetorum
1238 578 1310 664 ipso
1332 593 1387 650 ιιιι.
1402 593 1423 646 ι,
1437 593 1472 640 ιι.

75 705 210 752 mmmo
233 685 346 772 lupide
376 685 542 772 copulari
571 687 646 752 lesu
683 683 822 753 Chresto
856 685 941 754 Unde
971 692 1003 752 ct
1033 703 1146 753 murus
1175 684 1311 752 civitatis

76 789 154 874 (ιιι,
182 791 212 859 id
236 799 295 872 est,
321 793 497 860 Ecclesiae
490 811 521 860 ιιι
546 791 627 860 libro
643 793 867 878 apocalypseos
882 792 1072 860 describitur
1092 789 1215 860 liobam
1230 789 1307 878 sun·
1341 807 1458 905 ιριᾶ,
1424 805 1458 862 ιι,

75 899 237 966 domemo
259 898 431 965 duodecim
467 906 496 965 et
520 898 555 964 ιἰι
579 898 662 986 ipsis
692 897 865 966 duodecim
888 899 1027 966 nomino
1051 887 1120 964 ΧΙΙ
1142 897 1310 984 Apostolo-

75 1023 154 1070 rum
179 1013 211 1072 et
233 1005 326 1091 opni.
351 1005 459 1072 Nam
452 1023 482 1072 ιιι
508 1005 726 1092 Apostolorum
751 1005 981 1090 praedicatione
1011 1021 1047 1071 ac
1074 1003 1216 1071 doctrina
1239 1005 1310 1072 lun·

74 1111 156 1190 data,
181 1129 225 1180 ex
251 1111 447 1197 temporibus
464 1123 581 1179 ‘eorum
605 1118 758 1197 perpetua
781 1111 978 1179 successione
1000 1117 1032 1178 ιι
1055 1110 1172 1178 illibata
1201 1110 1310 1178 obser-

76 1218 202 1286 rabone
227 1219 365 1298 illorum,
389 1236 472 1304 quae
494 1218 535 1285 ab
557 1218 603 1286 eis
628 1217 742 1285 tradita
764 1225 849 1297 snut,
872 1217 911 1284 ad
936 1219 1013 1285 haec
1036 1235 1138 1304 usque
1170 1223 1311 1303 tempora

74 1325 141 1390 sine
164 1324 253 1391 omni
278 1323 510 1410 interruptione
528 1324 679 1410 peruenit.
706 1324 812 1410 ltaque
836 1323 860 1392 si
887 1323 1015 1409 legitimi
1041 1341 1134 1391 verae
1158 1323 1311 1392 Ecclesiae

74 1430 193 1498 Christi
219 1430 288 1498 sitis
311 1429 377 1508 lilii,
401 1437 433 1496 et
456 1449 517 1497 non
541 1429 640 1515 spurii
665 1447 707 1496 ex
724 1431 820 1496 notha
842 1437 873 1497 et
889 1429 1032 1497 adultera
1056 1429 1221 1496 meretrice
1238 1447 1310 1514 pro

74 1537 186 1615 creati,
209 1537 251 1604 ab
274 1536 427 1622 llpostolis
450 1543 481 1603 et
504 1554 565 1603 nou
592 1536 695 1621 potiris
718 1535 758 1603 ab
783 1536 949 1604 haereticis
969 1535 1134 1622 progeniti,
1150 1535 1221 1603 date
1245 1554 1310 1603 ma·

75 1643 159 1711 iores
185 1650 318 1722 uestros,
341 1643 413 1712 date
437 1661 664 1729 praecessores
680 1642 752 1710 date
770 1643 945 1729 Episcopus
961 1651 993 1711 et
1016 1643 1168 1711 Ecclesiae
1188 1653 1311 1712 vestrae

74 1751 290 1836 genealogiam
316 1750 466 1816 continua
495 1749 577 1817 serie
610 1767 711 1836 nequae
742 1749 780 1817 ad
805 1751 965 1836 apostotos
995 1749 1150 1828 deducite,
1174 1758 1206 1817 ιι
1229 1769 1311 1836 quae

75 1857 143 1922 orbi
169 1857 350 1924 Christiano
381 1855 540 1935 invehitis,
571 1855 686 1924 exinde
718 1857 871 1924 hacteuus
902 1857 1068 1924 observata
1098 1855 1216 1924 docete.
1250 1857 1311 1924 Nos

75 1973 162 2031 certe
188 1971 338 2050 unquam
366 1981 471 2030 veram
497 1963 663 2030 Ecclesiam
687 1963 803 2030 Christi
828 1981 972 2049 sponsam
991 1971 1123 2030 matrem
1149 1963 1310 2042 habentes,

76 2071 165 2136 nullo
191 2070 299 2137 labore
322 2070 400 2138 haec
425 2077 584 2154 praestare
608 2070 760 2148 valemus
784 2069 902 2136 scilicet
925 2076 962 2136 nt
976 2069 1013 2135 ad
1033 2070 1171 2148 Petrum,
1194 2068 1309 2138 Christi

77 2175 246 2254 ricarium,
271 2175 445 2261 principem
470 2175 688 2260 apostolorum
713 2182 745 2243 et
769 2175 906 2261 primum
931 2195 950 2241 a
979 2175 1105 2242 Christo
1135 2175 1231 2242 totins
1255 2173 1311 2242 Ec-

75 2282 190 2350 clesiae
212 2282 396 2360 antistitem,
422 2283 575 2350 Ecclesiae
598 2288 723 2350 nostrae
749 2281 911 2348 Pontifices
942 2281 1052 2349 ordine
1075 2299 1238 2367 nunquam
1263 2282 1311 2348 in-

77 2395 226 2474 terrupto
258 2387 481 2474 perducamus,
505 2397 536 2456 et
566 2388 747 2474 dogmatum
780 2397 961 2454 nostrorum
985 2396 1131 2456 auctores
1162 2388 1192 2455 in
1226 2387 1310 2456 viros

77 2495 280 2580 apostolicos,
304 2495 528 2580 apostolosque
544 2494 729 2574 reseramus,
744 2503 840 2580 atque
863 2512 987 2562 omnem
1003 2494 1164 2562 doctrinae
1185 2503 1310 2562 nostrae

79 2619 237 2670 summam
262 2601 335 2670 inde
359 2600 528 2688 prolectam
552 2619 620 2669 esse
643 2601 904 2668 demonstremus.
929 2601 1006 2686 Quis
1029 2619 1105 2687 ergo
1129 2619 1212 2668 nnnc
1237 2602 1311 2668 hae-

79 2709 154 2775 sitet
178 2709 314 2794 longius,
338 2708 414 2794 quin
449 2714 557 2775 nostra
585 2707 625 2774 sit
651 2725 723 2774 sera
747 2708 799 2775 illa
825 2707 957 2775 Ecclesia
988 2707 1102 2775 Christi
1131 2713 1270 2793 sponsat
1293 2727 1311 2776 ι

78 2816 241 2882 contrario
262 2821 369 2882 auem
395 2821 499 2882 vestra
521 2814 561 2882 sit
585 2815 681 2881 notha
704 2819 735 2881 et
758 2813 811 2880 illa
834 2815 986 2882 meretrix
1011 2815 1190 2899 prostituta,
1214 2817 1310 2899 Syna-

78 2937 159 3006 goga
182 2921 316 2988 &tanae
338 2928 371 2988 et
393 2921 529 2988 Ecclesia
552 2921 812 3006 malignantinmt

167 3029 205 3094 ,ιι
228 3027 281 3094 illa
305 3027 449 3105 Ecclesia,
474 3026 614 3113 inquitis,
638 3027 729 3094 cuius
754 3045 808 3094 vos
831 3029 916 3106 estis,
939 3046 1021 3114 quae
1037 3029 1138 3095 solum
1155 3029 1186 3095 in
1203 3035 1310 3097 exter-

77 3133 125 3200 nis
148 3133 347 3213 ceremoniis,
371 3133 528 3220 hypocrisi
553 3141 649 3219 atque
671 3133 817 3201 simulata
841 3133 945 3200 carnis
968 3134 1173 3202 sanctimonia
1205 3153 1311 3203 versa-

80 3247 142 3319 tur,
167 3257 332 3325 uunquam
357 3257 418 3306 non
442 3245 538 3306 errat.

167 3349 212 3412 ,ιιι
237 3363 299 3412 non
324 3363 379 3413 ros
403 3346 509 3431 pudet,
535 3363 555 3412 o
578 3345 636 3412 viri
661 3345 772 3431 spurii,
789 3345 874 3412 natio
891 3363 986 3430 prava
1002 3353 1033 3413 et
1056 3345 1200 3414 adultera
1214 3357 1310 3433 atque

80 3452 246 3538 progenies
281 3452 472 3537 viperarum,
506 3451 670 3520 Ecclesiam
708 3461 839 3518 matrem
876 3462 1014 3519 nostram
1051 3462 1113 3520 tam
1149 3454 1310 3522 atrocibus

80 3559 250 3626 mendaciis
273 3577 333 3625 non
359 3559 524 3627 traducere
547 3560 649 3627 solutu
673 3576 709 3626 ac
732 3559 905 3638 diffamare,
920 3577 1030 3626 verum
1054 3561 1159 3639 eliani,
1176 3559 1260 3646 quod
1278 3561 1308 3627 in

80 3665 168 3732 robis
192 3673 250 3744 est,
273 3666 410 3744 omnino,
434 3667 459 3733 si
485 3665 552 3734 deri
572 3673 684 3752 posset,
709 3683 842 3750 prorsus
857 3667 1071 3752 extingueret
1095 3665 1201 3734 Nonne
1216 3674 1310 3752 quot-

79 3773 169 3840 annis
193 3771 327 3844 Ecclesia
350 3779 457 3840 uostra
491 3773 580 3840 statis
602 3771 714 3840 dicbus
744 3773 825 3838 lilios
853 3789 927 3840 suos
958 3772 1137 3858 hypocrisin
1162 3781 1193 3840 et
1216 3773 1311 3840 simu·

79 3879 225 3946 lationem
250 3879 281 3946 in
304 3880 447 3948 externis
469 3879 620 3964 operibus
643 3879 761 3946 evitare
796 3879 910 3947 docet?
934 3879 1040 3946 Nonne
1064 3897 1120 3964 per
1151 3879 1222 3946 anni
1248 3881 1310 3947 cir·

79 3985 187 4053 culum
211 3985 344 4054 subinde
367 3985 490 4072 repetit,
515 3985 651 4053 inculcat
673 3993 704 4053 et
735 3985 868 4052 auribus
892 3985 1007 4053 nostris
1031 3985 1170 4065 instillat,
1195 3987 1309 4072 partim

80 4091 109 4158 in
134 4091 319 4178 Evangeliis,
344 4091 457 4178 partim
477 4091 621 4177 Epistolis
638 4093 685 4158 rel
702 4091 825 4158 dierum
842 4091 1073 4159 dominicorum
1092 4092 1139 4160 vel
1156 4091 1308 4160 feriarum

79 4197 159 4265 diris
182 4203 448 4277 consecratarum,
471 4197 576 4264 omnia
599 4215 681 4283 quae
712 4197 844 4266 iacimus
875 4205 1009 4266 externa
1039 4217 1145 4284 opera,
1181 4198 1238 4266 nisi
1270 4198 1309 4268 do

80 4303 242 4372 charitatis
266 4303 369 4372 radice
394 4303 574 4390 procedant,
597 4321 666 4371 esse
697 4305 799 4371 nihilt
822 4305 900 4390 Quis
923 4323 983 4371 non
1015 4305 1136 4372 audivit
1159 4305 1221 4372 illic
1252 4306 1308 4372 all-

80 4409 205 4496 quando
229 4410 361 4478 verbum
378 4409 494 4478 domini
512 4409 611 4478 nostri
637 4411 704 4478 lesu
721 4409 836 4477 Christi
853 4411 891 4478 ad
907 4410 1078 4496 discipulos
1093 4429 1183 4480 suos:
1204 4417 1308 4480 ιιιιιιιι
1344 4433 1455 4492 unua

80 4517 151 4585 dico
175 4515 278 4595 octa,
293 4516 363 4584 nisi
377 4515 601 4584 ubundaverit
623 4516 754 4584 iustitio
770 4526 880 4584 oestro
892 4517 971 4605 plus
987 4537 1089 4604 qoam
1107 4517 1307 4587 Scrilorum
1381 4489 1415 4536 ¹⁰¹
