3384 5082
524 336 770 384 nontrnucnruu
796 336 924 385 rnruuu.
1272 319 1333 384 unt

126 459 234 526 sionem
256 467 288 526 et
310 461 564 527 communionem
593 478 740 538 annuam,
771 461 965 528 sanctitatem
996 459 1143 545 coniugii
1176 460 1337 539 ieiunium,

124 584 212 651 opera
234 567 358 634 seruilia
373 566 485 634 diebus
508 566 594 634 lestis
609 572 641 633 et
664 585 794 634 usuram
813 565 980 651 prohibita,
1003 565 1042 632 rle
1058 565 1338 636 excommunicatis

124 692 181 738 nnn
204 673 304 740 vitatis
328 682 359 742 et
384 683 512 759 propter
534 673 616 740 dona
649 674 694 740 rel
717 674 884 740 amicitiam
917 673 947 739 in
980 674 1094 758 templu
1116 673 1269 751 adurissis
1300 673 1338 740 de

124 780 278 864 sepultura
300 780 450 847 otrittnus
471 779 751 848 excommnnicatis
774 798 835 846 nou
860 787 979 864 negata.
1014 779 1217 847 Concluditur
1245 787 1340 864 caput

126 885 203 952 hisce
226 886 347 953 verbis:
1072 967 1079 984 ‚

210 993 350 1078 «Igitur,
380 992 593 1072 domininon
627 992 793 1070 miremini,
825 992 849 1058 si
878 992 1034 1058 nominari
1068 992 1192 1058 Romam
1225 991 1337 1058 urbem

123 1097 267 1165 inlclirem
293 1117 351 1184 pro
376 1099 490 1166 talibus
512 1099 718 1166 abusionibus
740 1108 771 1165 et
796 1098 903 1164 multis
933 1098 1002 1164 aliis
1025 1098 1245 1165 Ecclesmstieis
1275 1106 1337 1164 sta-

123 1205 193 1271 tutis
213 1206 352 1290 graviter
376 1205 551 1272 contrariis.
576 1205 680 1289 Quare
706 1203 876 1272 timendum
902 1211 959 1282 est,
983 1205 1166 1271 catholicam
1190 1203 1281 1271 tidem
1306 1204 1337 1270 in

121 1311 202 1378 brevi
225 1311 381 1396 deperire,
405 1312 462 1378 nisi
488 1312 558 1378 talis
582 1311 712 1388 venerit,
743 1311 796 1396 otri
830 1311 928 1376 Deum
959 1311 1182 1396 superomnia
1211 1319 1243 1378 et
1266 1328 1338 1396 pro-

122 1417 236 1482 ximum
261 1434 355 1483 smmi
380 1417 462 1484 sicut
486 1417 622 1502 seipsum
647 1415 754 1500 diligat
777 1415 837 1482 sule
861 1434 922 1482 non
948 1417 1019 1482 heta
1041 1434 1149 1484 omnes
1172 1416 1339 1483 abusiones

118 1522 275 1589 abolenrlo.
300 1522 518 1608 compatimini
541 1541 617 1608 ergo
642 1522 793 1590 Ecclesiae
809 1530 840 1588 et
863 1524 932 1590 eius
954 1523 1054 1602 Clare,
1078 1524 1131 1609 qui
1158 1531 1222 1589 tnto
1245 1522 1339 1589 corde

117 1628 212 1714 diligit
237 1629 336 1696 Deum
360 1629 568 1696 abhorrentes
590 1646 699 1696 ornnes
730 1629 825 1695 malas
848 1629 1100 1709 consuetudines,
1131 1630 1185 1714 otri
1211 1638 1338 1714 propter

117 1735 286 1802 absentiam
312 1752 409 1820 papae
433 1735 521 1820 qrrasl
546 1735 678 1820 orphani
703 1734 843 1813 luerunt,
875 1742 978 1801 brnen
1004 1735 1139 1802 lilialiter
1163 1735 1260 1820 patris
1291 1753 1338 1801 se·

117 1840 184 1908 dero
218 1841 427 1908 distenderunt
455 1841 731 1926 proditoribnsque
762 1841 918 1926 sapienter
950 1843 1134 1908 restiterunt
1169 1841 1199 1908 in
1232 1841 1339 1908 multis

118 1947 372 2014 tribulationibus
397 1947 671 2032 perseverando».

202 2051 239 2122 In
261 2051 366 2141 capite
388 2051 550 2122 LXXVIII.
575 2054 798 2121 revelationum
823 2055 1095 2140 extravagantiurn
1119 2055 1238 2120 rliructe
1261 2053 1339 2121 nihil

117 2160 274 2226 invenitur
298 2160 336 2227 tle
367 2161 520 2245 apostasia
554 2161 778 2226 monachornm
813 2169 845 2227 et
874 2160 1083 2227 sacerdotum.
1117 2162 1225 2226 Sermo
1255 2161 1338 2227 enirn

117 2273 236 2332 tanturn
261 2275 308 2332 est
330 2265 369 2332 de
393 2283 450 2333 sex
476 2267 603 2352 regibus
620 2267 715 2332 trium
741 2284 910 2351 regnorum
930 2271 952 2344 ¹,
979 2267 1092 2333 Durriae
1112 2267 1239 2345 scilicet,
1263 2268 1338 2333 Sne·
1386 2309 1392 2322 ·

115 2374 192 2449 riae,
216 2372 398 2458 horvagtae,
421 2382 452 2439 et
476 2373 517 2438 ita
543 2373 671 2458 legitur:

208 2507 223 2536 ι
242 2479 337 2545 filins
363 2479 415 2546 Ilei
443 2481 597 2566 lnqrritur:
624 2479 750 2546 Ostenrli
777 2479 830 2545 tibi
855 2479 944 2564 prius
960 2479 1100 2565 utrinque
1126 2497 1214 2564 reges
1238 2487 1268 2545 et
1291 2497 1340 2546 eo

117 2603 187 2652 rnrn
214 2603 320 2671 regna.
347 2585 468 2652 Primus
491 2593 659 2652 coronatus
681 2586 798 2663 asinus,
820 2587 895 2671 qnia
917 2585 1110 2671 degenerans
1139 2603 1158 2652 a
1193 2584 1340 2670 prinpri-

116 2693 175 2759 bus
200 2692 290 2758 botris
314 2693 466 2758 maculam
493 2692 595 2778 posuit
624 2693 653 2758 in
677 2692 807 2777 gloriam
831 2710 930 2759 stratu.
956 2691 1118 2758 Secrrnmm
1141 2693 1235 2776 lupus
1259 2692 1339 2758 insa-

116 2798 241 2876 habilis,
264 2797 319 2883 ptri
345 2815 404 2864 non
429 2798 573 2882 cognorit
597 2798 800 2882 improvimm
825 2815 932 2864 casum
959 2815 1064 2877 sunm,
1089 2807 1123 2863 ut
1145 2797 1260 2864 ditaret
1283 2798 1340 2863 ini·

117 2904 244 2971 micum.
269 2904 394 2970 Tertius
417 2904 522 2988 aquila
544 2903 688 2971 sublimis
711 2912 832 2970 ceteros
863 2913 1073 2971 contemnens.
1097 2906 1236 2988 Qtrartus
1259 2904 1341 2970 aries

118 3011 270 3078 ventitans
292 3017 325 3076 et
347 3019 512 3076 contmens
535 3019 566 3076 et
590 3010 756 3094 proficiens
779 3028 820 3076 ex
844 3011 963 3076 iustitia
987 3011 1050 3076 [tei.
1083 3011 1218 3095 Quintus
1241 3027 1341 3095 agnus

115 3117 248 3188 occisus.
272 3115 325 3182 sed
349 3133 410 3182 uon
435 3117 501 3183 sine
524 3118 656 3194 macula,
681 3117 772 3183 cuitus
795 3117 921 3201 sangnis
945 3117 1052 3183 multis
1067 3116 1126 3182 luit
1141 3115 1261 3182 occasio
1285 3115 1339 3182 tri·

116 3222 285 3290 bulatinnis
307 3227 338 3289 et
363 3223 480 3289 ruinae.
506 3223 593 3289 Nunc
616 3223 744 3290 ostendo
769 3223 822 3288 tibi
846 3224 885 3289 rie
908 3233 999 3290 sento
1023 3241 1106 3307 repe,
1134 3224 1187 3308 qui
1212 3230 1340 3288 contur-

116 3329 201 3396 babit
227 3337 342 3396 terrarn
368 3339 399 3396 et
424 3347 510 3395 mare
533 3338 564 3395 et
587 3329 744 3414 simplices
767 3330 973 3408 contristabit,
997 3331 1051 3414 qui
1078 3337 1193 3396 terram
1218 3337 1340 3394 sancto

117 3453 187 3502 rum
213 3453 355 3502 meormu
382 3436 593 3504 exhonorabit
615 3444 647 3502 et
670 3437 853 3520 sangninem
878 3437 1073 3502 innocentem
1106 3435 1254 3513 ellundet,
1285 3435 1339 3520 qui

117 3553 242 3628 tempus
267 3541 419 3609 vindictae
445 3559 530 3608 meae
563 3542 665 3628 posuit
697 3541 726 3607 iu
758 3541 887 3608 arrdacia
916 3561 1066 3609 montrum
1098 3559 1239 3608 suarum.
1273 3539 1340 3608 lrleo

117 3649 172 3716 nisi
197 3649 342 3716 celeriter
365 3649 542 3726 attenderit,
558 3649 856 3734 appropinquabunt
872 3649 899 3714 ei
918 3649 1030 3715 intlicia
1047 3667 1115 3716 mea
1138 3655 1169 3715 et
1186 3649 1340 3732 relinquet

118 3771 248 3840 regnum
274 3755 303 3820 in
331 3755 531 3822 tribulatione
555 3763 586 3821 et
610 3755 663 3822 het
693 3756 774 3822 sicut
805 3756 957 3839 scripturn
991 3763 1056 3821 est:
1081 3755 1279 3842 Voluptatem
1310 3761 1341 3820 et

117 3869 243 3928 ueritum
268 3862 433 3939 seminant,
457 3879 492 3928 nc
518 3861 749 3928 tribulationem
773 3869 804 3928 et
827 3861 966 3927 dolorem
999 3869 1125 3927 metent.
1151 3861 1209 3928 Nec
1239 3859 1339 3926 solum

119 3967 248 4034 visitabo
270 3986 366 4054 snper
392 3986 522 4054 reguum
549 3967 643 4045 istud,
666 3967 718 4034 sed
744 3985 840 4053 snper
863 3967 1004 4034 ciuitates
1026 3968 1191 4051 opulentas
1221 3974 1252 4034 et
1276 3983 1340 4034 ma-

185 4251 194 4281 ¹
214 4257 294 4308 Auen
312 4257 378 4308 hanc
398 4255 562 4320 prophetiam
582 4253 685 4308 Patulus
707 4253 797 4308 Helice
825 4255 850 4306 in
872 4252 938 4306 libro
957 4259 1046 4304 contra
1066 4253 1188 4306 lunonem
1214 4251 1341 4304 lttirlraalis

118 4341 233 4410 (Secher,
253 4345 298 4410 86)
318 4343 352 4396 de
370 4357 434 4409 rege
452 4343 597 4396 Christluno
617 4343 644 4395 ll.
664 4343 835 4410 (15134523)
854 4355 934 4410 quem
960 4341 1037 4394 huius
1062 4341 1215 4406 prorrhetlne
1239 4347 1340 4394 sertum

117 4447 205 4498 regern
225 4433 410 4498 interpretatus
428 4440 475 4485 est.
496 4437 521 4485 ln
542 4433 593 4485 llue
606 4431 793 4486 Coniutntionls
806 4431 900 4484 citatur
914 4434 978 4484 torte
991 4446 1023 4482 ro
1042 4431 1140 4492 animo,
1159 4439 1187 4483 ut
1199 4430 1341 4496 explicetur

118 4523 193 4576 tristis
211 4529 294 4576 status
312 4523 386 4587 regul
404 4529 431 4575 et
450 4523 578 4575 Ecclesitte
598 4521 719 4574 llanlcee.
