3390 5096
358 308 423 372 900
673 325 869 375 consummo
893 329 1124 377 uurueuarusur
1146 329 1264 376 naurcr.

358 467 415 518 uec
440 448 586 516 volumus
609 467 667 517 neu
690 468 868 536 possumus.
891 454 929 518 dt
952 453 983 518 iu
1006 471 1071 538 quo
1095 453 1146 521 bic
1168 453 1289 521 abusus
1305 453 1494 522 iustissimae
1512 473 1586 522 con

357 555 510 622 stitutioui
534 555 688 642 derogata
711 559 790 624 Num
814 576 896 643 quae
920 559 972 626 ier
1004 567 1067 626 tam
1102 577 1213 645 aequa,
1235 577 1319 645 quae
1341 560 1441 645 iniqui
1467 561 1518 628 vei
1541 565 1586 626 iu-

357 659 435 728 dicis
459 662 506 728 rei
531 663 712 748 interpretis
745 664 848 732 abusu
880 666 959 733 verti
996 684 1058 733 non
1093 667 1190 752 possit
1214 667 1244 732 in
1272 685 1361 733 arma
1384 667 1587 753 iniquitatis?

357 767 475 835 Verum
500 769 693 836 calumniosa
717 769 804 848 baec,
827 769 934 838 dolosa
957 779 988 839 et
1004 769 1096 856 (171)
1116 773 1261 859 maligue,
1285 773 1339 840 sed
1362 774 1456 840 etiam
1481 780 1586 851 retus,

358 880 394 939 ut
408 873 452 938 ait
468 873 686 959 Hieronymus,
710 875 942 944 baereticorum
965 876 1104 945 defensio
1126 886 1175 946 est
1196 886 1229 945 et
1250 878 1474 946 destitutorum
1496 879 1586 944 omni

358 979 499 1058 veritate,
523 981 583 1048 sub
608 988 776 1066 praetextu
800 983 954 1050 maiorum
979 1001 1116 1064 morum,
1139 1002 1220 1070 quos
1233 984 1312 1052 feisa
1335 985 1454 1052 iustitia
1477 1002 1588 1070 perse·

357 1092 512 1172 quuntur,
536 1087 702 1171 pessimam
725 1105 762 1155 ac
786 1089 965 1174 pestiferam
989 1089 1181 1158 abscondere
1203 1091 1389 1158 doctrinam.
1406 1093 1444 1157 tt
1458 1110 1521 1158 nou
1538 1098 1588 1158 est

358 1202 497 1259 restrum
520 1192 799 1279 (quemadmodum
823 1195 989 1280 aliquoties
1021 1197 1081 1262 iam
1110 1196 1264 1279 diximus)
1293 1197 1500 1265 Ecclesiarum
1535 1216 1588 1283 pa-

357 1305 457 1365 stores
482 1297 631 1379 iudicare,
653 1318 793 1385 quorum
817 1301 967 1368 iudicium
992 1301 1058 1388 ipse
1082 1309 1242 1386 pastorum
1267 1311 1374 1388 pastor
1396 1303 1456 1370 sibi
1480 1320 1587 1370 reser-

205 1419 281 1464 unu.
296 1419 329 1474 st,
357 1404 441 1470 ravit
463 1404 586 1472 diceus:
614 1407 694 1472 Ecce
715 1425 773 1493 epo
797 1407 865 1490 ipse
887 1425 989 1492 snper
1009 1415 1170 1493 pastores.
1188 1408 1308 1488 Veniet,
1325 1409 1427 1475 veniet
1444 1408 1587 1493 proiecto

250 1473 284 1517 ω’
357 1509 408 1576 iiie
431 1509 507 1589 dies,
531 1529 588 1578 nec
613 1511 773 1598 longeest
796 1515 845 1594 (ut
869 1513 980 1580 beatus
1003 1514 1105 1599 iuquit
1128 1513 1322 1600 Gregorius),
1340 1515 1370 1580 iu
1393 1532 1457 1600 quo
1482 1523 1589 1598 pasto

358 1633 430 1682 rum
455 1624 561 1700 pastor
584 1626 743 1703 appareat,
767 1619 874 1704 etqui
900 1618 992 1686 modo
1014 1619 1214 1686 subditorum
1237 1621 1347 1705 cuipas
1370 1638 1427 1705 per
1451 1637 1587 1706 praepo

356 1722 432 1789 sitos
456 1723 630 1800 ulciscitur,
655 1731 729 1790 tune
753 1726 1003 1810 praepositorum
1028 1727 1108 1792 maia
1133 1743 1189 1810 per
1221 1726 1423 1811 semetipsum
1449 1727 1588 1812 puniens

356 1827 491 1896 damnet.

445 1935 543 2014 Nunc,
567 1936 651 2021 quod
677 1937 756 2003 hauc
781 1935 933 2004 Ecclesiae
956 1937 1209 2004 constitutionem
1226 1937 1264 2004 de
1288 1937 1470 2006 sacerdotati
1495 1939 1589 2006 caeli·
1688 1981 1689 2014 ,

356 2040 442 2120 batu,
466 2041 675 2109 obiectiouum
701 2050 877 2109 vestrarum
903 2043 964 2110 teia
979 2042 1220 2128 uuuiringentes,
1245 2044 1426 2129 neutiquam
1447 2063 1467 2110 a
1487 2044 1588 2111 verbo

355 2148 409 2214 Dei
433 2148 660 2215 dissentaneam
684 2157 732 2215 sat
755 2149 958 2228 ostendimus,
983 2149 1143 2236 reliquum
1167 2158 1224 2228 est,
1241 2156 1278 2216 ut
1297 2156 1405 2217 nostra
1422 2157 1588 2236 utcunque

356 2254 577 2322 confirmantes
611 2254 711 2322 eidem
749 2255 797 2322 vei
833 2256 970 2322 maxime
1001 2263 1239 2322 consentaneam
1274 2273 1370 2341 quam
1395 2255 1584 2324 brevissime

356 2360 450 2427 simui
473 2378 509 2426 ac
532 2361 704 2428 clarissime
727 2360 904 2428 doceamus.
937 2361 1092 2446 Principio
1115 2365 1168 2446 (ne
1191 2361 1299 2428 muitis
1333 2379 1423 2448 agam
1446 2361 1485 2429 de
1515 2363 1583 2447 iege

356 2475 498 2545 naturae,
523 2467 613 2534 iuxta
635 2485 730 2553 quam
754 2475 863 2553 gentes
888 2468 1061 2549 vixerunt),
1085 2476 1164 2553 quot
1187 2467 1301 2553 passim
1327 2467 1477 2536 lectitanti
1503 2475 1585 2535 rete

357 2591 427 2639 rum
455 2573 600 2640 historias
622 2581 796 2640 occurrunt
826 2573 972 2659 exempla
1003 2591 1147 2640 summae
1170 2573 1320 2640 castitatis
1346 2573 1511 2658 gentilium
1536 2593 1586 2640 sa-

356 2679 545 2746 cerdotum?
568 2680 643 2746 Nam
667 2685 704 2747 ut
725 2680 765 2746 de
788 2680 933 2764 piurimis
956 2679 1020 2746 duo
1052 2680 1220 2765 utriusque
1243 2697 1341 2747 sexus
1363 2680 1512 2765 exempta
1536 2697 1583 2748 re
1688 2729 1689 2748 r

355 2784 464 2864 ieram,
490 2803 591 2852 noune
614 2786 690 2852 Gaiii
708 2804 838 2871 maguae
856 2786 965 2854 matris
987 2786 1080 2853 deum
1105 2785 1234 2870 Cybetes
1250 2786 1381 2853 sacriiiui
1403 2786 1587 2853 castrabant
1688 2793 1689 2814 ¹

355 2893 483 2976 seipsos,
507 2909 571 2976 quo
595 2892 642 2958 rei
668 2891 750 2958 iduio
772 2891 922 2959 mundius
945 2891 1169 2959 immolarent?
1194 2910 1296 2959 noune
1321 2892 1459 2978 virgines
1484 2899 1586 2960 vesta-

360 2997 428 3064 ies¹
454 3005 622 3084 perpetuae
648 2998 834 3084 virginitatis
866 3007 938 3066 roto
968 3006 1058 3066 erant
1091 2998 1260 3066 obstrictae
1285 2999 1314 3065 in
1340 3004 1474 3078 mutiam,
1498 3007 1535 3066 ut
1559 3000 1584 3066 si

358 3104 475 3190 quain
502 3105 563 3170 voti
589 3105 836 3190 transgressione
859 3105 1055 3190 deprehensa
1078 3105 1197 3185 suisset,
1224 3105 1294 3171 vira
1324 3105 1354 3171 in
1387 3111 1506 3172 terram
1530 3106 1586 3174 de·

355 3211 540 3278 foderetur?
565 3211 639 3276 Nam
668 3218 699 3277 et
722 3230 740 3276 a
763 3210 887 3277 Tibuiio
919 3212 1080 3296 praestare
1113 3211 1232 3278 dictum
1257 3217 1322 3278 est:
1346 3211 1437 3278 Casta
1459 3211 1586 3297 piacent

355 3317 493 3403 Superis.
518 3317 610 3402 Quid,
634 3316 718 3403 quod
745 3317 862 3382 Etbuici
888 3317 1065 3384 sacerdotes
1095 3334 1133 3384 ea
1159 3325 1249 3384 nocte
1277 3336 1312 3384 re
1336 3335 1471 3384 venerea
1494 3335 1585 3404 coge-

354 3424 470 3490 bantur
493 3423 660 3490 abstinere.
685 3423 811 3508 quaudo
834 3423 884 3490 die
908 3431 1033 3508 postero
1057 3441 1148 3490 mane
1163 3422 1294 3492 deorum
1310 3423 1407 3509 orgiis
1425 3424 1586 3491 ministra·

355 3530 417 3596 turi
450 3536 578 3597 essunt?
602 3529 723 3596 dicente
747 3529 881 3614 quodam
918 3533 1025 3615 podia:
1050 3530 1162 3597 Procul
1195 3531 1244 3598 hio
1279 3531 1320 3597 sit
1349 3531 1390 3596 ab
1419 3530 1496 3609 aris,
1526 3530 1582 3597 Cui

354 3797 469 3850 iideiium
489 3797 610 3850 scandata
630 3804 655 3848 et
674 3805 782 3862 propter
801 3797 992 3862 Episcoporum
1012 3797 1148 3862 segnitiem
1168 3803 1194 3850 et
1217 3795 1421 3850 conniventium.
1440 3797 1475 3850 1111
1495 3810 1584 3850 saecu·
1688 3839 1689 3858 ,

353 3885 452 3940 iuribus
472 3887 578 3952 pompis
596 3891 621 3939 et
640 3887 764 3939 dominiis
783 3886 870 3939 intenti
891 3889 955 3939 baec
973 3886 1123 3953 relinquunt
1141 3883 1295 3940 officialibus
1314 3899 1360 3938 seu
1384 3883 1535 3956 fiscalibus,
1555 3891 1583 3938 ut
1688 3873 1689 3876 '

354 3981 457 4040 vocant,
475 3977 537 4042 suis,
556 3975 600 4044 qui
621 3975 672 4028 sibi
684 3989 809 4029 unnrtnm
820 3977 981 4044 proventum
1000 3973 1105 4044 sociarit
1117 3989 1152 4029 eu
1163 3973 1336 4030 sacerdotum
1352 3973 1582 4030 incontinentia».

353 4091 388 4104 -
406 4063 500 4117 Contcr
526 4065 586 4120 Nic.
610 4063 722 4128 Paulus,
753 4065 803 4116 ber
831 4065 989 4128 augustiner
1019 4065 1103 4116 Barth.
1129 4064 1236 4116 arnoldi
1266 4077 1318 4116 ron
1347 4063 1474 4128 Usingen.
1498 4063 1584 4116 Freib.

354 4153 463 4206 Herder.
485 4154 562 4206 1893.
581 4167 607 4218 p.
628 4153 671 4205 81.

425 4242 434 4272 ¹
455 4243 526 4296 Mon.
547 4243 567 4294 1)
586 4240 637 4294 bb:
657 4243 747 4308 Neque
766 4241 835 4294 enim
854 4243 926 4294 solas
944 4255 1054 4307 spurcas
1072 4227 1255 4294 libidines'niu
1275 4243 1323 4306 (sc.
1341 4241 1496 4306 Franciscus
1509 4243 1583 4295 Lum-
1688 4289 1689 4298 ,

354 4331 441 4398 berti),
460 4333 507 4385 sed
526 4333 604 4384 etiam
633 4330 749 4396 virgines
770 4329 879 4384 ¹Christo
907 4331 1007 4384 dicatas
1037 4332 1136 4382 viotere
1165 4330 1298 4396 permittit,
1325 4329 1397 4397 quud
1417 4344 1450 4382 ne
1470 4331 1583 4384 Etbuicis

353 4421 461 4488 quidem
481 4434 645 4486 concessum,
665 4421 687 4472 si
707 4433 768 4472 vcra
787 4427 856 4483 suut,
875 4433 945 4486 quoe
963 4421 1070 4472 annates
1088 4419 1122 4472 de
1141 4417 1428 4485 sescenisnummis,
1442 4419 1584 4472 biiiesiiset
1688 4479 1689 4484 η

353 4510 384 4562 iis
402 4524 471 4578 quae
490 4510 555 4563 deae
576 4511 669 4562 Vestae
689 4522 783 4562 munus
801 4509 941 4573 dederunt,
960 4511 1082 4563 referunt.
