3384 5082
354 205 419 272 24⁶2
668 224 863 274 consonante
887 225 1117 274 turheunhtsht
1142 226 1257 274 nantel.

354 367 541 434 magnopere
570 349 774 416 lahorandom
806 357 862 415 aut
892 349 1122 416 immorandum
1153 359 1210 417 est.
1235 351 1309 418 h'am
1340 351 1496 418 articulus
1529 350 1580 417 hic

354 455 453 521 XXVI.
479 475 519 522 ex
546 455 666 522 haeresi
686 463 788 521 restra
804 455 843 524 de
859 456 1033 523 sacerdotio
1048 458 1204 542 seqnitur,
1220 459 1259 524 de
1279 477 1344 542 quo
1366 458 1501 524 articulo
1518 457 1578 523 ΧΠ.

354 579 455 646 usqne
479 561 552 627 th.
572 563 594 640 ¹,
619 562 789 648 proximus
823 581 898 628 vero
921 562 1065 628 xxi-'ih'
1088 581 1128 629 ex
1154 563 1276 630 haeresi
1300 563 1338 630 de
1363 563 1510 642 Ecclesia,
1541 562 1579 630 de

352 687 415 753 qua
438 668 498 734 suh
521 668 654 735 articulo
678 669 808 754 primo³
833 669 930 735 huius
954 669 1035 736 tertii
1060 688 1257 756 congressus.

441 775 596 860 Principio
619 775 714 858 igitur
732 781 781 855 (ut
803 776 841 842 ad
859 776 981 860 singula
997 794 1091 861 quam
1109 776 1291 844 brevissime
1309 775 1579 862 respondeamus),

351 881 435 967 quod
461 883 608 968 magister
632 882 759 948 ioannes
782 884 920 948 Taussen
945 882 1081 967 captiose
1105 891 1196 968 negat
1212 901 1245 949 se
1269 901 1408 968 unquam
1433 882 1579 950 sacerdo

352 995 398 1054 tes
421 1005 628 1066 consecrasse,
653 1007 725 1055 cum
750 988 779 1054 id
803 989 900 1054 solius
926 988 977 1055 Dei
1003 989 1053 1067 sit,
1076 1008 1140 1074 qno
1163 989 1337 1074 captionem
1361 989 1504 1074 captione
1530 1007 1579 1054 re

352 1094 521 1186 tundamus
545 1096 640 1175 (rnatu
663 1095 745 1160 enim
770 1083 851 1160 nodo
887 1095 976 1161 iuxta
1010 1095 1211 1179 proverbium
1245 1096 1347 1162 malus
1377 1094 1580 1180 quaerendus

351 1211 398 1268 est
421 1207 565 1282 cuneus),
592 1221 650 1268 non
677 1201 770 1268 hahet
785 1202 939 1268 articulus
955 1201 1155 1268 consecrandi
1180 1209 1236 1266 aut
1250 1201 1411 1268 ordinandi
1430 1199 1577 1268 verbum.

350 1347 394 1356 -
418 1307 534 1376 Deinde
559 1327 619 1374 non
643 1308 815 1375 ohiecimus
838 1308 877 1386 ei,
909 1308 993 1394 quod
1024 1308 1215 1374 sacerdotes·
1231 1308 1384 1375 ordinarit
1405 1309 1472 1374 sire
1503 1327 1579 1374 con·

351 1415 505 1492 stituerit;
531 1415 647 1481 scimus
670 1415 752 1480 enim
778 1421 844 1480 tum
872 1414 1061 1500 Evangeiicis
1084 1422 1152 1480 tum
1176 1415 1357 1499 hpostohcis
1380 1414 1480 1481 edocti
1509 1415 1578 1482 tite-

352 1520 405 1600 ris,
430 1521 474 1587 uti
502 1521 599 1605 liquet
623 1539 662 1587 ex
689 1521 841 1606 hisquae
872 1521 933 1587 suh
956 1521 1091 1587 articuio
1113 1521 1215 1588 hid*
1238 1520 1456 1598 disseruimus,
1480 1518 1577 1604 rate)

352 1645 445 1713 penes
466 1628 547 1693 sotos
573 1627 747 1713 Episcopus,
765 1637 912 1714 tanquam
938 1623 1153 1712 Apostolorum
1172 1645 1378 1706 successores
1396 1628 1579 1694 huiusmodi

351 1741 534 1820 potestatem
559 1753 636 1801 esse.
662 1737 698 1800 ht
722 1735 985 1819 praesumptionis
1016 1753 1071 1801 seu
1104 1735 1288 1824 temeritatis
1311 1753 1383 1801 eum
1415 1736 1578 1802 accusari-

349 1859 431 1918 mus,
454 1860 517 1926 qua
541 1850 658 1907 temere
691 1841 718 1906 id
751 1841 881 1908 tentavit
904 1849 998 1926 atque
1022 1849 1153 1908 conatus
1183 1849 1241 1917 est,
1264 1858 1336 1907 cnm
1365 1841 1442 1908 nihii
1470 1842 1579 1908 minus

350 1956 461 2032 posset.
487 1985 530 1994 -
555 1948 714 2014 Postremo
737 1946 812 2032 quid
831 1947 953 2014 tandem
979 1947 1098 2014 erroris
1118 1947 1199 2014 toret
1221 1947 1402 2025 admissum,
1427 1947 1452 2014 si
1476 1947 1579 2014 dixis-

349 2071 464 2133 semus,
488 2073 560 2120 eum
589 2054 845 2140 praesumpsisse
876 2054 1052 2120 sacerdotes
1075 2072 1270 2132 consecrare,
1301 2060 1357 2120 aut
1388 2053 1578 2140 Episcopum

351 2179 460 2226 revera
483 2179 666 2240 consecrare
690 2160 889 2227 sacerdotes?
913 2164 949 2227 ht
973 2161 1066 2239 Deus,
1090 2161 1230 2246 inquitis
1253 2168 1312 2240 est,
1335 2161 1389 2246 qui
1415 2161 1575 2227 hominem

349 2276 509 2334 consecrat
532 2269 597 2334 sive
621 2268 802 2334 sanctificat.
828 2269 853 2332 0
877 2268 1049 2352 Theoiogos
1069 2267 1186 2334 scilicet
1209 2267 1358 2334 eximios!
1384 2267 1473 2352 quasi
1500 2285 1577 2334 vero

349 2374 428 2440 idern
460 2375 590 2440 edoctus
620 2395 638 2440 a
667 2375 813 2458 piurihus
843 2375 946 2440 causis
969 2373 1077 2441 ordine
1106 2392 1139 2440 se
1161 2375 1426 2460 consequentibus
1456 2374 1576 2460 dispari

349 2481 467 2546 ratione
492 2481 636 2566 progredi
671 2501 730 2546 nou
757 2482 861 2565 possit.
886 2481 970 2547 Deus
993 2482 1075 2548 enim
1101 2489 1136 2547 ut
1166 2490 1276 2547 auctor
1308 2491 1480 2559 consecrat,
1506 2481 1577 2566 Epi-

348 2605 462 2672 scopus
487 2596 522 2654 ut
554 2588 705 2666 minister,
730 2597 959 2654 sacramentum
992 2587 1111 2654 ordinis
1135 2596 1170 2654 ut
1193 2588 1449 2665 instrumentum,
1473 2590 1578 2672 gratia

347 2693 482 2779 denique
507 2704 542 2760 ut
566 2695 676 2773 iorum,
702 2696 821 2762 tametsi
846 2695 884 2760 ad
901 2696 1077 2780 scripturae
1095 2694 1221 2780 phrasin
1247 2712 1432 2762 consecrare
1455 2695 1579 2762 nonsit

347 2801 443 2879 ahud,
459 2820 554 2888 quam
570 2820 659 2868 sacro
682 2810 713 2868 et
728 2802 833 2868 divino
858 2803 928 2868 usui
945 2803 1115 2887 quicquam
1131 2801 1285 2878 dedicare,
1306 2800 1336 2867 id
1356 2801 1440 2886 quod
1456 2802 1578 2886 passim

349 2908 378 2974 in
405 2909 518 2974 veteris
542 2909 739 2974 instrumenti
767 2909 854 2975 iihris
886 2927 946 2975 non
981 2909 1063 2974 [ieris
1095 2909 1196 2986 modo,
1228 2909 1398 2976 sedetiam
1430 2908 1578 2976 homines

348 3015 450 3081 iacere
485 3015 643 3082 dicuntur.
680 3015 785 3099 Neque
809 3016 847 3082 de
879 3015 1058 3082 hominihus
1083 3015 1183 3094 modo,
1207 3013 1260 3081 sed
1284 3015 1377 3082 etiam
1408 3014 1447 3080 de
1477 3015 1579 3082 rebus

348 3121 492 3188 inanimis
515 3123 633 3188 dictum
658 3121 789 3188 subinde
814 3123 937 3206 iegitur.

442 3255 457 3286 r
474 3219 574 3314 Quod'
588 3247 682 3314 porro
707 3229 790 3295 viros
813 3229 932 3314 atiquot
954 3229 1096 3295 doctrina
1118 3237 1149 3295 et
1173 3229 1254 3296 vitae
1274 3227 1477 3296 sanctimonia
1501 3245 1578 3314 spe-

348 3343 446 3402 ctatos
470 3337 535 3402 suis
559 3336 715 3421 suffragiis
740 3337 856 3420 populo
879 3344 910 3402 et
939 3335 1090 3402 Ecclesiae
1116 3335 1295 3420 Vihergensi
1314 3325 1342 3365 *⁴
1357 3353 1390 3402 se
1413 3352 1578 3402 commen-

346 3442 435 3508 dasse
459 3444 585 3520 latetur,
610 3443 726 3528 quihus
758 3463 797 3509 ex
823 3443 1016 3508 Christianae
1038 3442 1258 3530 uruititudinis
1289 3459 1441 3509 consensu
1465 3449 1498 3507 et
1520 3461 1579 3508 ar-

346 3549 429 3615 douti
468 3558 538 3615 roto
575 3569 691 3616 uuurus
727 3550 921 3634 praedicandi
959 3549 1072 3616 Christi
1100 3549 1299 3634 Evangeiium
1331 3547 1471 3626 credidit,
1496 3566 1576 3616 cum
1664 3565 1665 3576 ³

347 3674 496 3723 manuum
514 3655 716 3741 'impositione
739 3665 770 3722 et
792 3657 932 3723 oratione
958 3657 1109 3722 Ecclesiae
1132 3657 1170 3722 ad
1187 3657 1286 3722 Deum
1311 3656 1401 3735 iacta,
1424 3664 1519 3741 atque
1539 3667 1579 3724 ut

347 3763 376 3827 iu
401 3771 668 3829 sacrarueutorum
692 3763 959 3830 adruinistratione
983 3763 1114 3848 ahisque
1138 3763 1248 3830 officiis
1274 3762 1494 3830 Ecclesiasticis
1517 3783 1579 3848 po

346 3871 420 3954 puio
442 3869 618 3971 Ehristiano
642 3870 750 3937 sedulo
775 3871 993 3936 inservirent»
1022 3879 1080 3936 etc.

407 4003 417 4022 ·
435 4001 585 4060 i'iburgonsi.

345 4141 476 4149 —..—...--¹

417 4243 423 4272 ¹
446 4248 529 4311 Supra
553 4247 677 4298 ton-toa.

416 4333 426 4364 ²
447 4337 511 4388 iutra
532 4335 582 4387 Edi
602 4351 641 4402 sq.

415 4423 426 4452 ⁸
446 4428 530 4490 Supra
551 4427 640 4476 stt-ee.
1051 4425 1164 4491 ‘Supra
1190 4426 1248 4478 tte.
