3384 5082
494 336 741 390 annuuueuruu
766 335 943 385 secuuncu.
1268 319 1332 385 267

97 459 227 526 tametsi
258 459 427 527 lutherani
459 467 496 526 ut
524 460 739 545 Babylonicam
771 463 847 544 (tarn
879 461 962 529 enim
998 461 1092 547 impie
1123 462 1203 529 maie
1234 460 1333 529 feriati

99 565 251 633 homines
273 565 312 633 de
333 563 581 652 ea'loquuntur)
606 567 802 635 meretricem
826 568 1027 646 abhorreant,
1051 568 1208 635 fateantur
1232 574 1333 635 tamen

96 677 233 755 oportet
254 689 323 739 eam
350 689 582 759 essemque
613 673 728 740 Latinis
757 674 905 740 omnihus
928 682 1133 760 propagatum
1158 681 1207 740 est
1238 674 1335 740 Evan-

96 777 235 860 geiinm,
258 778 403 866 adeoque
427 778 536 864 religio
559 785 624 845 tota
649 778 800 846 derivata.
832 777 888 846 Cui
921 779 1093 848 sententiae
1124 785 1249 846 nostrae
1279 779 1334 865 qui

96 883 187 950 nolet
210 883 372 963 accedere,
397 885 444 950 rel
468 884 639 951 maiorum
656 885 759 952 volvat
774 886 919 964 annales3
936 886 1133 976 clieper’eom,
1150 886 1218 952 orici
1233 887 1336 970 reipsa

98 988 141 1054 ita
166 991 356 1076 comperiet,
379 991 425 1057 uti
451 991 579 1076 praefati
605 1009 725 1058 stamus.

195 1097 228 1164 3.
262 1097 362 1164 Verae
386 1097 422 1180 tii
448 1099 481 1175 5)
509 1097 671 1164 eccesiae
698 1099 842 1186 adeoque
865 1099 1072 1185 Apostolicoe
1105 1099 1253 1166 indicium
1277 1106 1335 1176 est,

97 1203 188 1289 quod
215 1223 235 1270 a
260 1201 391 1271 Christo
415 1203 593 1289 aedificari
614 1215 737 1292 coepto,
761 1205 845 1290 quod
870 1204 912 1270 oh
937 1205 1113 1289 Apostolic,
1137 1204 1335 1290 potissimum

98 1309 198 1376 Petro
230 1317 262 1377 et
293 1311 388 1378 Paulo
410 1308 557 1396 firndoto
581 1320 676 1396 atque
699 1310 841 1378 ahsoluta
865 1319 921 1378 est.
947 1311 1021 1377 flam
1045 1311 1191 1396 quamvis
1213 1317 1245 1377 et
1267 1310 1337 1377 aliis

99 1416 262 1500 spostolis
293 1416 501 1483 Ecclesiaruru
527 1435 605 1484 cura
627 1415 722 1484 fuerit
745 1416 941 1496 demandata,
966 1416 1081 1484 miritae
1105 1425 1209 1484 tannen
1234 1435 1275 1483 ex
1299 1416 1337 1482 iis

99 1523 151 1589 rel
179 1523 361 1590 infidelibus
384 1525 431 1589 uei
458 1522 623 1590 haereticis
639 1532 811 1590 cesserunt.
836 1524 926 1609 htqui
944 1524 1100 1609 haecque
1123 1523 1266 1609 degimus
1281 1524 1336 1589 La·

100 1628 173 1707 tini,
201 1647 363 1715 nunquam
389 1637 437 1696 est
459 1629 609 1696 destituta
633 1629 778 1716 legitimis
810 1629 895 1696 rerhi
922 1629 1082 1696 ministris.
1109 1629 1198 1696 Dedit
1221 1630 1337 1714 (inquit
1360 1640 1449 1700 ton-t.

102 1733 236 1820 Paulus)
259 1735 411 1821 quosdam
436 1735 562 1821 quidem
587 1737 758 1822 Apostolos,
781 1736 932 1821 quosdam
958 1737 1138 1822 prophetas,
1161 1736 1238 1802 alios
1263 1753 1337 1802 vero

104 1840 330 1928 Evangelistas,
354 1841 431 1910 alios
453 1851 558 1910 autern
583 1851 723 1928 pastores
746 1852 777 1909 et
799 1843 953 1922 doctores
977 1843 1014 1909 ad
1039 1843 1336 1910 consummationem

102 1957 303 2027 sanctorum,
328 1949 358 2014 in
389 1967 469 2033 opus
501 1949 676 2028 ministerii,
709 1949 739 2014 in
763 1948 1008 2016 aedificationem
1039 1949 1180 2036 corporis
1211 1947 1337 2026 Christi,

103 2054 208 2124 donec
231 2073 439 2122 occurramus
462 2074 570 2122 omnes
595 2056 624 2122 in
650 2056 801 2123 unitatem
826 2055 908 2133 fidei,
932 2063 963 2122 et
994 2055 1160 2140 agnitionis
1191 2054 1245 2120 httt
1271 2054 1336 2120 Dei.

104 2161 225 2248 Collige
251 2164 309 2229 hoc
342 2163 398 2228 foci
425 2163 532 2241 lector,
556 2181 591 2228 ac
615 2163 676 2229 alta
702 2169 804 2229 ruente
837 2161 980 2240 reconde,
1004 2161 1087 2246 quod
1111 2161 1155 2227 ait
1185 2160 1336 2246 quosdam

108 2269 274 2336 ministros
298 2269 450 2336 Ecclesiae
480 2268 579 2346 datos,
604 2279 640 2335 ιιι
671 2269 820 2353 mysteria
850 2277 1121 2345 consummentur,
1152 2275 1189 2334 ιιι
1214 2265 1340 2334 dictasti

107 2394 236 2462 corpus
270 2375 446 2460 mysticum
478 2377 641 2452 coalescat,
673 2375 858 2460 grandescat
891 2392 927 2441 ac
958 2383 1206 2460 coagmentetur,
1240 2373 1338 2441 donec

109 2499 221 2548 omnes
246 2481 370 2548 tandem
393 2480 431 2546 ad
456 2499 513 2566 par
536 2481 607 2548 uctei
633 2482 731 2549 robur
756 2481 985 2566 perveniamus.
1012 2480 1127 2548 lerum
1152 2479 1277 2566 quando
1309 2480 1337 2544 id

108 2587 177 2655 fore
201 2595 376 2673 putamust
399 2589 478 2654 Tum
503 2587 630 2673 quando
653 2588 763 2654 ultima
785 2587 890 2654 iudicii
915 2595 946 2653 et
969 2588 1124 2654 examinis
1143 2586 1209 2653 dies
1234 2587 1338 2664 instat,

108 2694 239 2778 quando
256 2694 339 2761 filins
363 2695 443 2779 patri
469 2711 601 2780 regnum
627 2695 743 2778 pacatis
766 2694 913 2761 omnihus
930 2692 1106 2760 traditurus
1129 2703 1185 2758 est.
1213 2694 1338 2760 interim

110 2799 207 2886 igitur
233 2801 369 2867 Ecclesia
391 2819 465 2868 suos
490 2801 583 2868 hahet
608 2801 777 2880 ministros,
803 2801 896 2867 hahet
912 2809 943 2867 et
963 2801 1108 2867 Christus
1130 2819 1205 2866 suos
1228 2817 1338 2886 coope-
1362 2811 1382 2856 t·
1396 2811 1445 2856 eor·
1460 2810 1495 2854 ¹⁵·

110 2915 234 2974 ratores
257 2913 289 2974 et
311 2907 519 2986 mediatores,
543 2908 597 2993 qui
623 2916 775 2993 perpetua
798 2907 932 2994 quadam
956 2909 1163 2986 successione,
1187 2906 1237 2973 alii
1270 2913 1339 2991 post

110 3013 198 3093 alios,
214 3031 274 3080 suo
289 3013 503 3098 defungantur
525 3013 627 3080 officio
643 3021 775 3098 oportet.
795 3013 948 3080 Eiusmodi
972 3013 1067 3098 igitur
1083 3013 1340 3098 cooperatoribus

109 3119 263 3187 adornata
286 3127 333 3186 est
357 3137 432 3186 vera
455 3119 569 3186 Christi
596 3119 729 3186 Ecclesia
754 3119 824 3196 (nisi
850 3119 922 3204 quis
946 3129 1008 3186 tam
1033 3119 1207 3204 iorpudeos
1230 3118 1280 3196 sit,
1305 3125 1340 3184 ut

110 3225 256 3294 fefellisse
279 3225 439 3292 Christum
467 3226 632 3294 Ecclesiam
656 3226 835 3300 contendat)
859 3233 889 3294 et
914 3227 944 3293 in
971 3227 1045 3292 haec
1070 3235 1209 3310 tempora
1238 3241 1340 3310 usque

110 3349 182 3400 curn
209 3331 319 3410 literis,
341 3337 409 3400 tum
426 3333 514 3400 virae
531 3333 615 3400 roris
638 3334 767 3400 oraculo
790 3332 921 3400 feliciter
938 3333 1101 3412 instructa,
1124 3331 1253 3410 directa,
1277 3331 1340 3398 dis-

112 3439 221 3524 posite.
255 3439 361 3524 Neque
391 3439 473 3506 enim
507 3440 537 3505 in
569 3457 636 3505 eam
669 3440 852 3506 senteutiam
885 3457 955 3506 sum
988 3440 1092 3505 iturus
1123 3455 1275 3523 unquam,
1305 3445 1340 3504 ιιι

110 3545 265 3614 assentiar
290 3545 336 3622 lie,
366 3545 421 3630 qui
455 3553 579 3630 praeter
603 3545 644 3623 id,
668 3545 751 3630 quod
784 3545 881 3612 sacris
911 3553 943 3611 et
972 3543 1064 3610 nudis
1088 3546 1125 3624 til
1150 3542 1210 3624 δ”)
1243 3543 1341 3610 literis

112 3651 272 3737 proditum
296 3658 354 3730 est,
377 3651 461 3717 aliud
487 3651 563 3718 nihil
588 3652 760 3736 posteritati
787 3651 950 3738 reliquisse
973 3658 1139 3717 autumant
1171 3650 1340 3734 Apostolos,

111 3775 184 3824 cum
210 3757 246 3824 in
269 3755 418 3844 confesso
440 3757 494 3836 sit,
519 3757 622 3823 oculto
639 3757 711 3824 illos
733 3759 837 3842 pluro
852 3757 1036 3842 scripsisse,
1060 3757 1221 3833 docuisse,
1243 3766 1342 3844 atque

111 3864 211 3930 etiam
236 3863 421 3942 ordinae-ce,
446 3883 548 3952 quoru
572 3863 744 3930 cononicis
767 3863 953 3928 continetur
976 3861 1080 3928 lihris.
1102 3863 1183 3947 Quin
1209 3861 1232 3929 si
1257 3861 1341 3928 dica·

113 3987 184 4037 mus
207 3968 291 4054 quod
318 3987 368 4036 res
391 3977 449 4046 est,
472 3975 564 4035 antea
595 3985 689 4053 quam
722 3969 861 4036 scrihere
892 3977 1037 4054 coeptum
1069 3978 1127 4046 est,
1158 3969 1257 4036 mralta
1287 3968 1340 4034 de-

112 4083 209 4155 creta,
227 4077 326 4142 nrrrita
342 4077 529 4161 praedicata,
547 4077 645 4142 multa
662 4077 778 4143 sancita
794 4075 948 4162 denique:
964 4083 996 4142 at
1013 4075 1066 4142 rrhi
1088 4094 1106 4142 a
1123 4083 1247 4160 recepta
1270 4075 1341 4152 fule,

111 4191 208 4269 atque
231 4201 250 4248 a
274 4183 408 4268 receptis
424 4183 640 4268 apostotorum
665 4183 799 4250 decretis
821 4183 956 4250 deficere
984 4201 1125 4268 coepere,
1152 4191 1217 4249 tum
1244 4182 1342 4249 literis

112 4307 194 4376 opos
216 4297 285 4356 erat
309 4307 458 4358 revocare
481 4288 518 4355 ad
552 4289 683 4374 pristina
715 4289 874 4367 instituta;
908 4297 985 4367 ιιιιιι,
1009 4307 1047 4356 ne
1071 4307 1152 4374 quae
1177 4289 1222 4355 rel
1256 4297 1342 4373 gesta

112 4405 204 4464 erant
228 4396 464 4482 praecineret
483 4396 711 4480 praeficatione
736 4396 890 4462 inculcata
907 4396 1000 4472 fuieli,
1018 4395 1282 4481 interciperentur
1299 4429 1340 4444 -

113 4503 257 4588 intercipi
280 4509 385 4568 autem
410 4509 556 4588 poterant
580 4503 626 4569 rel
652 4509 830 4588 temporum
856 4501 1079 4582 vicissitudine,
1104 4503 1151 4568 rel
1170 4501 1342 4568 haeretico-
